@ARTICLE{2021NatAs...5..775D,
       author = {{Delrez}, Laetitia and {Ehrenreich}, David and {Alibert}, Yann and {Bonfanti}, Andrea and {Borsato}, Luca and {Fossati}, Luca and {Hooton}, Matthew J. and {Hoyer}, Sergio and {Pozuelos}, Francisco J. and {Salmon}, S{\'e}bastien and {Sulis}, Sophia and {Wilson}, Thomas G. and {Adibekyan}, Vardan and {Bourrier}, Vincent and {Brandeker}, Alexis and {Charnoz}, S{\'e}bastien and {Deline}, Adrien and {Guterman}, Pascal and {Haldemann}, Jonas and {Hara}, Nathan and {Oshagh}, Mahmoudreza and {Sousa}, Sergio G. and {Van Grootel}, Val{\'e}rie and {Alonso}, Roi and {Anglada-Escud{\'e}}, Guillem and {B{\'a}rczy}, Tam{\'a}s and {Barrado}, David and {Barros}, Susana C.~C. and {Baumjohann}, Wolfgang and {Beck}, Mathias and {Bekkelien}, Anja and {Benz}, Willy and {Billot}, Nicolas and {Bonfils}, Xavier and {Broeg}, Christopher and {Cabrera}, Juan and {Collier Cameron}, Andrew and {Davies}, Melvyn B. and {Deleuil}, Magali and {Delisle}, Jean-Baptiste and {Demangeon}, Olivier D.~S. and {Demory}, Brice-Olivier and {Erikson}, Anders and {Fortier}, Andrea and {Fridlund}, Malcolm and {Futyan}, David and {Gandolfi}, Davide and {Garcia Mu{\~n}oz}, Antonio and {Gillon}, Micha{\"e}l and {Guedel}, Manuel and {Heng}, Kevin and {Kiss}, L{\'a}szl{\'o} and {Laskar}, Jacques and {Lecavelier des Etangs}, Alain and {Lendl}, Monika and {Lovis}, Christophe and {Maxted}, Pierre F.~L. and {Nascimbeni}, Valerio and {Olofsson}, G{\"o}ran and {Osborn}, Hugh P. and {Pagano}, Isabella and {Pall{\'e}}, Enric and {Piotto}, Giampaolo and {Pollacco}, Don and {Queloz}, Didier and {Rauer}, Heike and {Ragazzoni}, Roberto and {Ribas}, Ignasi and {Santos}, Nuno C. and {Scandariato}, Gaetano and {S{\'e}gransan}, Damien and {Simon}, Attila E. and {Smith}, Alexis M.~S. and {Steller}, Manfred and {Szab{\'o}}, Gyula M. and {Thomas}, Nicolas and {Udry}, St{\'e}phane and {Walton}, Nicholas A.},
        title = "{Transit detection of the long-period volatile-rich super-Earth {\ensuremath{\nu}}$^{2}$ Lupi d with CHEOPS}",
      journal = {Nature Astronomy},
     keywords = {Astrophysics - Earth and Planetary Astrophysics},
         year = 2021,
        month = jun,
       volume = {5},
        pages = {775-787},
          doi = {10.1038/s41550-021-01381-5},
archivePrefix = {arXiv},
       eprint = {2106.14491},
 primaryClass = {astro-ph.EP},
       adsurl = {https://ui.adsabs.harvard.edu/abs/2021NatAs...5..775D},
      adsnote = {Provided by the SAO/NASA Astrophysics Data System}
}

@ARTICLE{2021A&A...655A..66L,
       author = {{Leleu}, A. and {Chatel}, G. and {Udry}, S. and {Alibert}, Y. and {Delisle}, J. -B. and {Mardling}, R.},
        title = "{Alleviating the transit timing variation bias in transit surveys. I. RIVERS: Method and detection of a pair of resonant super-Earths around Kepler-1705}",
      journal = {\aap},
     keywords = {planets and satellites: detection, planets and satellites: dynamical evolution and stability, methods: data analysis, techniques: photometric, Astrophysics - Earth and Planetary Astrophysics, Computer Science - Machine Learning},
         year = 2021,
        month = nov,
       volume = {655},
          eid = {A66},
        pages = {A66},
          doi = {10.1051/0004-6361/202141471},
archivePrefix = {arXiv},
       eprint = {2111.06825},
 primaryClass = {astro-ph.EP},
       adsurl = {https://ui.adsabs.harvard.edu/abs/2021A&A...655A..66L},
      adsnote = {Provided by the SAO/NASA Astrophysics Data System}
}



@ARTICLE{2021A&A...649A..26L,
       author = {{Leleu}, A. and {Alibert}, Y. and {Hara}, N.~C. and {Hooton}, M.~J. and {Wilson}, T.~G. and {Robutel}, P. and {Delisle}, J. -B. and {Laskar}, J. and {Hoyer}, S. and {Lovis}, C. and {Bryant}, E.~M. and {Ducrot}, E. and {Cabrera}, J. and {Delrez}, L. and {Acton}, J.~S. and {Adibekyan}, V. and {Allart}, R. and {Allende Prieto}, C. and {Alonso}, R. and {Alves}, D. and {Anderson}, D.~R. and {Angerhausen}, D. and {Anglada Escud{\'e}}, G. and {Asquier}, J. and {Barrado}, D. and {Barros}, S.~C.~C. and {Baumjohann}, W. and {Bayliss}, D. and {Beck}, M. and {Beck}, T. and {Bekkelien}, A. and {Benz}, W. and {Billot}, N. and {Bonfanti}, A. and {Bonfils}, X. and {Bouchy}, F. and {Bourrier}, V. and {Bou{\'e}}, G. and {Brandeker}, A. and {Broeg}, C. and {Buder}, M. and {Burdanov}, A. and {Burleigh}, M.~R. and {B{\'a}rczy}, T. and {Cameron}, A.~C. and {Chamberlain}, S. and {Charnoz}, S. and {Cooke}, B.~F. and {Corral Van Damme}, C. and {Correia}, A.~C.~M. and {Cristiani}, S. and {Damasso}, M. and {Davies}, M.~B. and {Deleuil}, M. and {Demangeon}, O.~D.~S. and {Demory}, B. -O. and {Di Marcantonio}, P. and {Di Persio}, G. and {Dumusque}, X. and {Ehrenreich}, D. and {Erikson}, A. and {Figueira}, P. and {Fortier}, A. and {Fossati}, L. and {Fridlund}, M. and {Futyan}, D. and {Gandolfi}, D. and {Garc{\'\i}a Mu{\~n}oz}, A. and {Garcia}, L.~J. and {Gill}, S. and {Gillen}, E. and {Gillon}, M. and {Goad}, M.~R. and {Gonz{\'a}lez Hern{\'a}ndez}, J.~I. and {Guedel}, M. and {G{\"u}nther}, M.~N. and {Haldemann}, J. and {Henderson}, B. and {Heng}, K. and {Hogan}, A.~E. and {Isaak}, K. and {Jehin}, E. and {Jenkins}, J.~S. and {Jord{\'a}n}, A. and {Kiss}, L. and {Kristiansen}, M.~H. and {Lam}, K. and {Lavie}, B. and {Lecavelier des Etangs}, A. and {Lendl}, M. and {Lillo-Box}, J. and {Lo Curto}, G. and {Magrin}, D. and {Martins}, C.~J.~A.~P. and {Maxted}, P.~F.~L. and {McCormac}, J. and {Mehner}, A. and {Micela}, G. and {Molaro}, P. and {Moyano}, M. and {Murray}, C.~A. and {Nascimbeni}, V. and {Nunes}, N.~J. and {Olofsson}, G. and {Osborn}, H.~P. and {Oshagh}, M. and {Ottensamer}, R. and {Pagano}, I. and {Pall{\'e}}, E. and {Pedersen}, P.~P. and {Pepe}, F.~A. and {Persson}, C.~M. and {Peter}, G. and {Piotto}, G. and {Polenta}, G. and {Pollacco}, D. and {Poretti}, E. and {Pozuelos}, F.~J. and {Queloz}, D. and {Ragazzoni}, R. and {Rando}, N. and {Ratti}, F. and {Rauer}, H. and {Raynard}, L. and {Rebolo}, R. and {Reimers}, C. and {Ribas}, I. and {Santos}, N.~C. and {Scandariato}, G. and {Schneider}, J. and {Sebastian}, D. and {Sestovic}, M. and {Simon}, A.~E. and {Smith}, A.~M.~S. and {Sousa}, S.~G. and {Sozzetti}, A. and {Steller}, M. and {Su{\'a}rez Mascare{\~n}o}, A. and {Szab{\'o}}, Gy. M. and {S{\'e}gransan}, D. and {Thomas}, N. and {Thompson}, S. and {Tilbrook}, R.~H. and {Triaud}, A. and {Turner}, O. and {Udry}, S. and {Van Grootel}, V. and {Venus}, H. and {Verrecchia}, F. and {Vines}, J.~I. and {Walton}, N.~A. and {West}, R.~G. and {Wheatley}, P.~J. and {Wolter}, D. and {Zapatero Osorio}, M.~R.},
        title = "{Six transiting planets and a chain of Laplace resonances in TOI-178}",
      journal = {\aap},
     keywords = {techniques: photometric, techniques: spectroscopic, celestial mechanics, planets and satellites: detection, planets and satellites: dynamical evolution and stability, Astrophysics - Earth and Planetary Astrophysics},
         year = 2021,
        month = may,
       volume = {649},
          eid = {A26},
        pages = {A26},
          doi = {10.1051/0004-6361/202039767},
archivePrefix = {arXiv},
       eprint = {2101.09260},
 primaryClass = {astro-ph.EP},
       adsurl = {https://ui.adsabs.harvard.edu/abs/2021A&A...649A..26L},
      adsnote = {Provided by the SAO/NASA Astrophysics Data System}
}

@ARTICLE{2021A&A...646A.157B,
       author = {{Bonfanti}, A. and {Delrez}, L. and {Hooton}, M.~J. and {Wilson}, T.~G. and {Fossati}, L. and {Alibert}, Y. and {Hoyer}, S. and {Mustill}, A.~J. and {Osborn}, H.~P. and {Adibekyan}, V. and {Gandolfi}, D. and {Salmon}, S. and {Sousa}, S.~G. and {Tuson}, A. and {Van Grootel}, V. and {Cabrera}, J. and {Nascimbeni}, V. and {Maxted}, P.~F.~L. and {Barros}, S.~C.~C. and {Billot}, N. and {Bonfils}, X. and {Borsato}, L. and {Broeg}, C. and {Davies}, M.~B. and {Deleuil}, M. and {Demangeon}, O.~D.~S. and {Fridlund}, M. and {Lacedelli}, G. and {Lendl}, M. and {Persson}, C. and {Santos}, N.~C. and {Scandariato}, G. and {Szab{\'o}}, Gy. M. and {Collier Cameron}, A. and {Udry}, S. and {Benz}, W. and {Beck}, M. and {Ehrenreich}, D. and {Fortier}, A. and {Isaak}, K.~G. and {Queloz}, D. and {Alonso}, R. and {Asquier}, J. and {Bandy}, T. and {B{\'a}rczy}, T. and {Barrado}, D. and {Barrag{\'a}n}, O. and {Baumjohann}, W. and {Beck}, T. and {Bekkelien}, A. and {Bergomi}, M. and {Brandeker}, A. and {Busch}, M. -D. and {Cessa}, V. and {Charnoz}, S. and {Chazelas}, B. and {Corral Van Damme}, C. and {Demory}, B. -O. and {Erikson}, A. and {Farinato}, J. and {Futyan}, D. and {Garcia Mu{\~n}oz}, A. and {Gillon}, M. and {Guedel}, M. and {Guterman}, P. and {Hasiba}, J. and {Heng}, K. and {Hernandez}, E. and {Kiss}, L. and {Kuntzer}, T. and {Laskar}, J. and {Lecavelier des Etangs}, A. and {Lovis}, C. and {Magrin}, D. and {Malvasio}, L. and {Marafatto}, L. and {Michaelis}, H. and {Munari}, M. and {Olofsson}, G. and {Ottacher}, H. and {Ottensamer}, R. and {Pagano}, I. and {Pall{\'e}}, E. and {Peter}, G. and {Piazza}, D. and {Piotto}, G. and {Pollacco}, D. and {Ragazzoni}, R. and {Rando}, N. and {Ratti}, F. and {Rauer}, H. and {Ribas}, I. and {Rieder}, M. and {Rohlfs}, R. and {Safa}, F. and {Salatti}, M. and {S{\'e}gransan}, D. and {Simon}, A.~E. and {Smith}, A.~M.~S. and {Sordet}, M. and {Steller}, M. and {Thomas}, N. and {Tschentscher}, M. and {Van Eylen}, V. and {Viotto}, V. and {Walter}, I. and {Walton}, N.~A. and {Wildi}, F. and {Wolter}, D.},
        title = "{CHEOPS observations of the HD 108236 planetary system: a fifth planet, improved ephemerides, and planetary radii}",
      journal = {\aap},
     keywords = {ephemerides, planets and satellites: detection, planets and satellites: fundamental parameters, stars: fundamental parameters, Astrophysics - Earth and Planetary Astrophysics},
         year = 2021,
        month = feb,
       volume = {646},
          eid = {A157},
        pages = {A157},
          doi = {10.1051/0004-6361/202039608},
archivePrefix = {arXiv},
       eprint = {2101.00663},
 primaryClass = {astro-ph.EP},
       adsurl = {https://ui.adsabs.harvard.edu/abs/2021A&A...646A.157B},
      adsnote = {Provided by the SAO/NASA Astrophysics Data System}
}

@ARTICLE{2021AJ....162...54H,
       author = {{Hedges}, Christina and {Hughes}, Alex and {Zhou}, George and {David}, Trevor J. and {Becker}, Juliette and {Giacalone}, Steven and {Vanderburg}, Andrew and {Rodriguez}, Joseph E. and {Bieryla}, Allyson and {Wirth}, Christopher and {Atherton}, Shaun and {Fetherolf}, Tara and {Collins}, Karen A. and {Price-Whelan}, Adrian M. and {Bedell}, Megan and {Quinn}, Samuel N. and {Gan}, Tianjun and {Ricker}, George R. and {Latham}, David W. and {Vanderspek}, Roland K. and {Seager}, Sara and {Winn}, Joshua N. and {Jenkins}, Jon M. and {Kielkopf}, John F. and {Schwarz}, Richard P. and {Dressing}, Courtney D. and {Gonzales}, Erica J. and {Crossfield}, Ian J.~M. and {Matthews}, Elisabeth C. and {Jensen}, Eric L.~N. and {Furlan}, Elise and {Gnilka}, Crystal L. and {Howell}, Steve B. and {Lester}, Kathryn V. and {Scott}, Nicholas J. and {Feliz}, Dax L. and {Lund}, Michael B. and {Siverd}, Robert J. and {Stevens}, Daniel J. and {Narita}, N. and {Fukui}, A. and {Murgas}, F. and {Palle}, Enric and {Sutton}, Phil J. and {Stassun}, Keivan G. and {Bouma}, Luke G. and {Vezie}, Michael and {Villase{\~n}or}, Jesus Noel and {Quintana}, Elisa V. and {Smith}, Jeffrey C.},
        title = "{TOI-2076 and TOI-1807: Two Young, Comoving Planetary Systems within 50 pc Identified by TESS that are Ideal Candidates for Further Follow Up}",
      journal = {\aj},
     keywords = {Exoplanets, Transits, Time series analysis, 498, 1711, 1916},
         year = 2021,
        month = aug,
       volume = {162},
       number = {2},
          eid = {54},
        pages = {54},
          doi = {10.3847/1538-3881/ac06cd},
       adsurl = {https://ui.adsabs.harvard.edu/abs/2021AJ....162...54H},
      adsnote = {Provided by the SAO/NASA Astrophysics Data System}
}
@ARTICLE{2020Natur.582..497P,
       author = {{Plavchan}, Peter and {Barclay}, Thomas and {Gagn{\'e}}, Jonathan and {Gao}, Peter and {Cale}, Bryson and {Matzko}, William and {Dragomir}, Diana and {Quinn}, Sam and {Feliz}, Dax and {Stassun}, Keivan and {Crossfield}, Ian J.~M. and {Berardo}, David A. and {Latham}, David W. and {Tieu}, Ben and {Anglada-Escud{\'e}}, Guillem and {Ricker}, George and {Vanderspek}, Roland and {Seager}, Sara and {Winn}, Joshua N. and {Jenkins}, Jon M. and {Rinehart}, Stephen and {Krishnamurthy}, Akshata and {Dynes}, Scott and {Doty}, John and {Adams}, Fred and {Afanasev}, Dennis A. and {Beichman}, Chas and {Bottom}, Mike and {Bowler}, Brendan P. and {Brinkworth}, Carolyn and {Brown}, Carolyn J. and {Cancino}, Andrew and {Ciardi}, David R. and {Clampin}, Mark and {Clark}, Jake T. and {Collins}, Karen and {Davison}, Cassy and {Foreman-Mackey}, Daniel and {Furlan}, Elise and {Gaidos}, Eric J. and {Geneser}, Claire and {Giddens}, Frank and {Gilbert}, Emily and {Hall}, Ryan and {Hellier}, Coel and {Henry}, Todd and {Horner}, Jonathan and {Howard}, Andrew W. and {Huang}, Chelsea and {Huber}, Joseph and {Kane}, Stephen R. and {Kenworthy}, Matthew and {Kielkopf}, John and {Kipping}, David and {Klenke}, Chris and {Kruse}, Ethan and {Latouf}, Natasha and {Lowrance}, Patrick and {Mennesson}, Bertrand and {Mengel}, Matthew and {Mills}, Sean M. and {Morton}, Tim and {Narita}, Norio and {Newton}, Elisabeth and {Nishimoto}, America and {Okumura}, Jack and {Palle}, Enric and {Pepper}, Joshua and {Quintana}, Elisa V. and {Roberge}, Aki and {Roccatagliata}, Veronica and {Schlieder}, Joshua E. and {Tanner}, Angelle and {Teske}, Johanna and {Tinney}, C.~G. and {Vanderburg}, Andrew and {von Braun}, Kaspar and {Walp}, Bernie and {Wang}, Jason and {Wang}, Sharon Xuesong and {Weigand}, Denise and {White}, Russel and {Wittenmyer}, Robert A. and {Wright}, Duncan J. and {Youngblood}, Allison and {Zhang}, Hui and {Zilberman}, Perri},
        title = "{A planet within the debris disk around the pre-main-sequence star AU Microscopii}",
      journal = {\nat},
     keywords = {Astrophysics - Earth and Planetary Astrophysics, Astrophysics - Solar and Stellar Astrophysics},
         year = 2020,
        month = jun,
       volume = {582},
       number = {7813},
        pages = {497-500},
          doi = {10.1038/s41586-020-2400-z},
archivePrefix = {arXiv},
       eprint = {2006.13248},
 primaryClass = {astro-ph.EP},
       adsurl = {https://ui.adsabs.harvard.edu/abs/2020Natur.582..497P},
      adsnote = {Provided by the SAO/NASA Astrophysics Data System}
}

@ARTICLE{2019ApJ...880L..17N,
       author = {{Newton}, Elisabeth R. and {Mann}, Andrew W. and {Tofflemire}, Benjamin M. and {Pearce}, Logan and {Rizzuto}, Aaron C. and {Vanderburg}, Andrew and {Martinez}, Raquel A. and {Wang}, Jason J. and {Ruffio}, Jean-Baptiste and {Kraus}, Adam L. and {Johnson}, Marshall C. and {Thao}, Pa Chia and {Wood}, Mackenna L. and {Rampalli}, Rayna and {Nielsen}, Eric L. and {Collins}, Karen A. and {Dragomir}, Diana and {Hellier}, Coel and {Anderson}, D.~R. and {Barclay}, Thomas and {Brown}, Carolyn and {Feiden}, Gregory and {Hart}, Rhodes and {Isopi}, Giovanni and {Kielkopf}, John F. and {Mallia}, Franco and {Nelson}, Peter and {Rodriguez}, Joseph E. and {Stockdale}, Chris and {Waite}, Ian A. and {Wright}, Duncan J. and {Lissauer}, Jack J. and {Ricker}, George R. and {Vanderspek}, Roland and {Latham}, David W. and {Seager}, S. and {Winn}, Joshua N. and {Jenkins}, Jon M. and {Bouma}, Luke G. and {Burke}, Christopher J. and {Davies}, Misty and {Fausnaugh}, Michael and {Li}, Jie and {Morris}, Robert L. and {Mukai}, Koji and {Villase{\~n}or}, Joel and {Villeneuva}, Steven and {De Rosa}, Robert J. and {Macintosh}, Bruce and {Mengel}, Matthew W. and {Okumura}, Jack and {Wittenmyer}, Robert A.},
        title = "{TESS Hunt for Young and Maturing Exoplanets (THYME): A Planet in the 45 Myr Tucana-Horologium Association}",
      journal = {\apjl},
     keywords = {open clusters and associations: individual: Tucana-Horologium, planets and satellites: detection, planets and satellites: individual: HD 222259A, planets and satellites: individual: TIC 410214986, planets and satellites: individual: TOI 200.01, Astrophysics - Earth and Planetary Astrophysics, Astrophysics - Solar and Stellar Astrophysics},
         year = 2019,
        month = jul,
       volume = {880},
       number = {1},
          eid = {L17},
        pages = {L17},
          doi = {10.3847/2041-8213/ab2988},
archivePrefix = {arXiv},
       eprint = {1906.10703},
 primaryClass = {astro-ph.EP},
       adsurl = {https://ui.adsabs.harvard.edu/abs/2019ApJ...880L..17N},
      adsnote = {Provided by the SAO/NASA Astrophysics Data System}
}

@ARTICLE{2020AJ....160...33R,
       author = {{Rizzuto}, Aaron C. and {Newton}, Elisabeth R. and {Mann}, Andrew W. and {Tofflemire}, Benjamin M. and {Vanderburg}, Andrew and {Kraus}, Adam L. and {Wood}, Mackenna L. and {Quinn}, Samuel N. and {Zhou}, George and {Thao}, Pa Chia and {Law}, Nicholas M. and {Ziegler}, Carl and {Brice{\~n}o}, C{\'e}sar},
        title = "{TESS Hunt for Young and Maturing Exoplanets (THYME). II. A 17 Myr Old Transiting Hot Jupiter in the Sco-Cen Association}",
      journal = {\aj},
     keywords = {1711, 1833, 1567, 491, 486, Astrophysics - Earth and Planetary Astrophysics, Astrophysics - Solar and Stellar Astrophysics},
         year = 2020,
        month = jul,
       volume = {160},
       number = {1},
          eid = {33},
        pages = {33},
          doi = {10.3847/1538-3881/ab94b7},
archivePrefix = {arXiv},
       eprint = {2005.00013},
 primaryClass = {astro-ph.EP},
       adsurl = {https://ui.adsabs.harvard.edu/abs/2020AJ....160...33R},
      adsnote = {Provided by the SAO/NASA Astrophysics Data System}
}

@ARTICLE{2021AJ....161...65N,
       author = {{Newton}, Elisabeth R. and {Mann}, Andrew W. and {Kraus}, Adam L. and {Livingston}, John H. and {Vanderburg}, Andrew and {Curtis}, Jason L. and {Thao}, Pa Chia and {Hawkins}, Keith and {Wood}, Mackenna L. and {Rizzuto}, Aaron C. and {Soubkiou}, Abderahmane and {Tofflemire}, Benjamin M. and {Zhou}, George and {Crossfield}, Ian J.~M. and {Pearce}, Logan A. and {Collins}, Karen A. and {Conti}, Dennis M. and {Tan}, Thiam-Guan and {Villeneuva}, Steven and {Spencer}, Alton and {Dragomir}, Diana and {Quinn}, Samuel N. and {Jensen}, Eric L.~N. and {Collins}, Kevin I. and {Stockdale}, Chris and {Cloutier}, Ryan and {Hellier}, Coel and {Benkhaldoun}, Zouhair and {Ziegler}, Carl and {Brice{\~n}o}, C{\'e}sar and {Law}, Nicholas and {Benneke}, Bj{\"o}rn and {Christiansen}, Jessie L. and {Gorjian}, Varoujan and {Kane}, Stephen R. and {Kreidberg}, Laura and {Morales}, Farisa Y. and {Werner}, Michael W. and {Twicken}, Joseph D. and {Levine}, Alan M. and {Ciardi}, David R. and {Guerrero}, Natalia M. and {Hesse}, Katharine and {Quintana}, Elisa V. and {Shiao}, Bernie and {Smith}, Jeffrey C. and {Torres}, Guillermo and {Ricker}, George R. and {Vanderspek}, Roland and {Seager}, Sara and {Winn}, Joshua N. and {Jenkins}, Jon M. and {Latham}, David W.},
        title = "{TESS Hunt for Young and Maturing Exoplanets (THYME). IV. Three Small Planets Orbiting a 120 Myr Old Star in the Pisces-Eridanus Stream}",
      journal = {\aj},
     keywords = {Exoplanet astronomy, Exoplanet evolution, Exoplanet systems, Young star clusters, Stellar activity, 486, 491, 484, 1833, 1580, Astrophysics - Earth and Planetary Astrophysics, Astrophysics - Solar and Stellar Astrophysics},
         year = 2021,
        month = feb,
       volume = {161},
       number = {2},
          eid = {65},
        pages = {65},
          doi = {10.3847/1538-3881/abccc6},
archivePrefix = {arXiv},
       eprint = {2102.06049},
 primaryClass = {astro-ph.EP},
       adsurl = {https://ui.adsabs.harvard.edu/abs/2021AJ....161...65N},
      adsnote = {Provided by the SAO/NASA Astrophysics Data System}
}


@ARTICLE{2020AJ....160..129K,
       author = {{Kane}, Stephen R. and {Yal{\c{c}}{\i}nkaya}, Sel{\c{c}}uk and {Osborn}, Hugh P. and {Dalba}, Paul A. and {Nielsen}, Louise D. and {Vanderburg}, Andrew and {Mo{\v{c}}nik}, Teo and {Hinkel}, Natalie R. and {Ostberg}, Colby and {Esmer}, Ekrem Murat and {Udry}, St{\'e}phane and {Fetherolf}, Tara and {Ba{\c{s}}t{\"u}rk}, {\"O}zg{\"u}r and {Ricker}, George R. and {Vanderspek}, Roland and {Latham}, David W. and {Seager}, Sara and {Winn}, Joshua N. and {Jenkins}, Jon M. and {Allart}, Romain and {Bailey}, Jeremy and {Bean}, Jacob L. and {Bouchy}, Francois and {Butler}, R. Paul and {Campante}, Tiago L. and {Carter}, Brad D. and {Daylan}, Tansu and {Deleuil}, Magali and {Diaz}, Rodrigo F. and {Dumusque}, Xavier and {Ehrenreich}, David and {Horner}, Jonathan and {Howard}, Andrew W. and {Isaacson}, Howard and {Jones}, Hugh R.~A. and {Kristiansen}, Martti H. and {Lovis}, Christophe and {Marcy}, Geoffrey W. and {Marmier}, Maxime and {O'Toole}, Simon J. and {Pepe}, Francesco and {Ragozzine}, Darin and {S{\'e}gransan}, Damien and {Tinney}, C.~G. and {Turnbull}, Margaret C. and {Wittenmyer}, Robert A. and {Wright}, Duncan J. and {Wright}, Jason T.},
        title = "{Transits of Known Planets Orbiting a Naked-eye Star}",
      journal = {\aj},
     keywords = {Exoplanets, Exoplanet atmospheres, Exoplanet structure, Transit photometry, Radial velocity, 498, 487, 495, 1709, 1332, Astrophysics - Earth and Planetary Astrophysics},
         year = 2020,
        month = sep,
       volume = {160},
       number = {3},
          eid = {129},
        pages = {129},
          doi = {10.3847/1538-3881/aba835},
archivePrefix = {arXiv},
       eprint = {2007.10995},
 primaryClass = {astro-ph.EP},
       adsurl = {https://ui.adsabs.harvard.edu/abs/2020AJ....160..129K},
      adsnote = {Provided by the SAO/NASA Astrophysics Data System}
}

@ARTICLE{2021A&A...648A..75S,
       author = {{Sozzetti}, A. and {Damasso}, M. and {Bonomo}, A.~S. and {Alibert}, Y. and {Sousa}, S.~G. and {Adibekyan}, V. and {Zapatero Osorio}, M.~R. and {Gonz{\'a}lez Hern{\'a}ndez}, J.~I. and {Barros}, S.~C.~C. and {Lillo-Box}, J. and {Stassun}, K.~G. and {Winn}, J. and {Cristiani}, S. and {Pepe}, F. and {Rebolo}, R. and {Santos}, N.~C. and {Allart}, R. and {Barclay}, T. and {Bouchy}, F. and {Cabral}, A. and {Ciardi}, D. and {Di Marcantonio}, P. and {D'Odorico}, V. and {Ehrenreich}, D. and {Fasnaugh}, M. and {Figueira}, P. and {Haldemann}, J. and {Jenkins}, J.~M. and {Latham}, D.~W. and {Lavie}, B. and {Lo Curto}, G. and {Lovis}, C. and {Martins}, C.~J.~A.~P. and {M{\'e}gevand}, D. and {Mehner}, A. and {Micela}, G. and {Molaro}, P. and {Nunes}, N.~J. and {Oshagh}, M. and {Otegi}, J. and {Pall{\'e}}, E. and {Poretti}, E. and {Ricker}, G. and {Rodriguez}, D. and {Seager}, S. and {Su{\'a}rez Mascare{\~n}o}, A. and {Twicken}, J.~D. and {Udry}, S.},
        title = "{A sub-Neptune and a non-transiting Neptune-mass companion unveiled by ESPRESSO around the bright late-F dwarf HD 5278 (TOI-130)}",
      journal = {\aap},
     keywords = {planetary systems, planets and satellites: composition, stars: individual: HD 5278 (TOI-130), techniques: radial velocities, techniques: photometric, methods: miscellaneous, Astrophysics - Earth and Planetary Astrophysics, Astrophysics - Solar and Stellar Astrophysics},
         year = 2021,
        month = apr,
       volume = {648},
          eid = {A75},
        pages = {A75},
          doi = {10.1051/0004-6361/202040034},
archivePrefix = {arXiv},
       eprint = {2101.12300},
 primaryClass = {astro-ph.EP},
       adsurl = {https://ui.adsabs.harvard.edu/abs/2021A&A...648A..75S},
      adsnote = {Provided by the SAO/NASA Astrophysics Data System}
}

@ARTICLE{2020MNRAS.491.2982E,
       author = {{Espinoza}, N{\'e}stor and {Brahm}, Rafael and {Henning}, Thomas and {Jord{\'a}n}, Andr{\'e}s and {Dorn}, Caroline and {Rojas}, Felipe and {Sarkis}, Paula and {Kossakowski}, Diana and {Schlecker}, Martin and {D{\'\i}az}, Mat{\'\i}as R. and {Jenkins}, James S. and {Aguilera-Gomez}, Claudia and {Jenkins}, Jon M. and {Twicken}, Joseph D. and {Collins}, Karen A. and {Lissauer}, Jack and {Armstrong}, David J. and {Adibekyan}, Vardan and {Barrado}, David and {Barros}, Susana C.~C. and {Battley}, Matthew and {Bayliss}, Daniel and {Bouchy}, Fran{\c{c}}ois and {Bryant}, Edward M. and {Cooke}, Benjamin F. and {Demangeon}, Olivier D.~S. and {Dumusque}, Xavier and {Figueira}, Pedro and {Giles}, Helen and {Lillo-Box}, Jorge and {Lovis}, Christophe and {Nielsen}, Louise D. and {Pepe}, Francesco and {Pollacco}, Don and {Santos}, Nuno C. and {Sousa}, Sergio G. and {Udry}, St{\'e}phane and {Wheatley}, Peter J. and {Turner}, Oliver and {Marmier}, Maxime and {S{\'e}gransan}, Damien and {Ricker}, George and {Latham}, David and {Seager}, Sara and {Winn}, Joshua N. and {Kielkopf}, John F. and {Hart}, Rhodes and {Wingham}, Geof and {Jensen}, Eric L.~N. and {He{\l}miniak}, Krzysztof G. and {Tokovinin}, A. and {Brice{\~n}o}, C. and {Ziegler}, Carl and {Law}, Nicholas M. and {Mann}, Andrew W. and {Daylan}, Tansu and {Doty}, John P. and {Guerrero}, Natalia and {Boyd}, Patricia and {Crossfield}, Ian and {Morris}, Robert L. and {Henze}, Christopher E. and {Chacon}, Aaron Dean},
        title = "{HD 213885b: a transiting 1-d-period super-Earth with an Earth-like composition around a bright (V = 7.9) star unveiled by TESS}",
      journal = {\mnras},
     keywords = {techniques: photometric, techniques: radial velocities, planets and satellites: detection, planets and satellites: fundamental parameters, planets and satellites: individual: TOI-141, TIC 403224672, HD213885, Astrophysics - Earth and Planetary Astrophysics, 85-XX},
         year = 2020,
        month = jan,
       volume = {491},
       number = {2},
        pages = {2982-2999},
          doi = {10.1093/mnras/stz3150},
archivePrefix = {arXiv},
       eprint = {1903.07694},
 primaryClass = {astro-ph.EP},
       adsurl = {https://ui.adsabs.harvard.edu/abs/2020MNRAS.491.2982E},
      adsnote = {Provided by the SAO/NASA Astrophysics Data System}
}

@ARTICLE{2018ApJ...868L..39H,
       author = {{Huang}, Chelsea X. and {Burt}, Jennifer and {Vanderburg}, Andrew and {G{\"u}nther}, Maximilian N. and {Shporer}, Avi and {Dittmann}, Jason A. and {Winn}, Joshua N. and {Wittenmyer}, Rob and {Sha}, Lizhou and {Kane}, Stephen R. and {Ricker}, George R. and {Vanderspek}, Roland K. and {Latham}, David W. and {Seager}, Sara and {Jenkins}, Jon M. and {Caldwell}, Douglas A. and {Collins}, Karen A. and {Guerrero}, Natalia and {Smith}, Jeffrey C. and {Quinn}, Samuel N. and {Udry}, St{\'e}phane and {Pepe}, Francesco and {Bouchy}, Fran{\c{c}}ois and {S{\'e}gransan}, Damien and {Lovis}, Christophe and {Ehrenreich}, David and {Marmier}, Maxime and {Mayor}, Michel and {Wohler}, Bill and {Haworth}, Kari and {Morgan}, Edward H. and {Fausnaugh}, Michael and {Ciardi}, David R. and {Christiansen}, Jessie and {Charbonneau}, David and {Dragomir}, Diana and {Deming}, Drake and {Glidden}, Ana and {Levine}, Alan M. and {McCullough}, P.~R. and {Yu}, Liang and {Narita}, Norio and {Nguyen}, Tam and {Morton}, Tim and {Pepper}, Joshua and {P{\'a}l}, Andr{\'a}s and {Rodriguez}, Joseph E. and {Stassun}, Keivan G. and {Torres}, Guillermo and {Sozzetti}, Alessandro and {Doty}, John P. and {Christensen-Dalsgaard}, J{\o}rgen and {Laughlin}, Gregory and {Clampin}, Mark and {Bean}, Jacob L. and {Buchhave}, Lars A. and {Bakos}, G. {\'A}. and {Sato}, Bun'ei and {Ida}, Shigeru and {Kaltenegger}, Lisa and {Palle}, Enric and {Sasselov}, Dimitar and {Butler}, R.~P. and {Lissauer}, Jack and {Ge}, Jian and {Rinehart}, S.~A.},
        title = "{TESS Discovery of a Transiting Super-Earth in the pi Mensae System}",
      journal = {\apjl},
     keywords = {planetary systems, planets and satellites: detection, stars: individual: HD 39091, TIC 261136679, Astrophysics - Earth and Planetary Astrophysics},
         year = 2018,
        month = dec,
       volume = {868},
       number = {2},
          eid = {L39},
        pages = {L39},
          doi = {10.3847/2041-8213/aaef91},
archivePrefix = {arXiv},
       eprint = {1809.05967},
 primaryClass = {astro-ph.EP},
       adsurl = {https://ui.adsabs.harvard.edu/abs/2018ApJ...868L..39H},
      adsnote = {Provided by the SAO/NASA Astrophysics Data System}
}

@ARTICLE{2019ApJ...875L...7D,
       author = {{Dragomir}, Diana and {Teske}, Johanna and {G{\"u}nther}, Maximilian N. and {S{\'e}gransan}, Damien and {Burt}, Jennifer A. and {Huang}, Chelsea X. and {Vanderburg}, Andrew and {Matthews}, Elisabeth and {Dumusque}, Xavier and {Stassun}, Keivan G. and {Pepper}, Joshua and {Ricker}, George R. and {Vanderspek}, Roland and {Latham}, David W. and {Seager}, Sara and {Winn}, Joshua N. and {Jenkins}, Jon M. and {Beatty}, Thomas and {Bouchy}, Fran{\c{c}}ois and {Brown}, Timothy M. and {Butler}, R. Paul and {Ciardi}, David R. and {Crane}, Jeffrey D. and {Eastman}, Jason D. and {Fossati}, Luca and {Francis}, Jim and {Fulton}, Benjamin J. and {Gaudi}, B. Scott and {Goeke}, Robert F. and {James}, David and {Klaus}, Todd C. and {Kuhn}, Rudolf B. and {Lovis}, Christophe and {Lund}, Michael B. and {McDermott}, Scott and {Paegert}, Martin and {Pepe}, Francesco and {Rodriguez}, Joseph E. and {Sha}, Lizhou and {Shectman}, Stephen A. and {Shporer}, Avi and {Siverd}, Robert J. and {Garcia Soto}, Aylin and {Stevens}, Daniel J. and {Twicken}, Joseph D. and {Udry}, St{\'e}phane and {Villanueva}, Steven, Jr. and {Wang}, Sharon X. and {Wohler}, Bill and {Yao}, Xinyu and {Zhan}, Zhuchang},
        title = "{TESS Delivers Its First Earth-sized Planet and a Warm Sub-Neptune}",
      journal = {\apjl},
     keywords = {planetary systems, planets and satellites: detection, stars: individual: HD 21749, TIC 279741379, Astrophysics - Earth and Planetary Astrophysics, Astrophysics - Solar and Stellar Astrophysics},
         year = 2019,
        month = apr,
       volume = {875},
       number = {2},
          eid = {L7},
        pages = {L7},
          doi = {10.3847/2041-8213/ab12ed},
archivePrefix = {arXiv},
       eprint = {1901.00051},
 primaryClass = {astro-ph.EP},
       adsurl = {https://ui.adsabs.harvard.edu/abs/2019ApJ...875L...7D},
      adsnote = {Provided by the SAO/NASA Astrophysics Data System}
}


@ARTICLE{2020AJ....160...96T,
       author = {{Teske}, Johanna and {D{\'\i}az}, Mat{\'\i}as R. and {Luque}, Rafael and {Mo{\v{c}}nik}, Teo and {Seidel}, Julia V. and {Otegi}, Jon Fern{\'a}ndez and {Feng}, Fabo and {Jenkins}, James S. and {Pall{\`e}}, Enric and {S{\'e}gransan}, Damien and {Udry}, St{\`e}phane and {Collins}, Karen A. and {Eastman}, Jason D. and {Ricker}, George R. and {Vanderspek}, Roland and {Latham}, David W. and {Seager}, Sara and {Winn}, Joshua N. and {Jenkins}, Jon M. and {Anderson}, David. R. and {Barclay}, Thomas and {Bouchy}, Fran{\c{c}}ois and {Burt}, Jennifer A. and {Butler}, R. Paul and {Caldwell}, Douglas A. and {Collins}, Kevin I. and {Crane}, Jeffrey D. and {Dorn}, Caroline and {Flowers}, Erin and {Haldemann}, Jonas and {Helled}, Ravit and {Hellier}, Coel and {Jensen}, Eric L.~N. and {Kane}, Stephen R. and {Law}, Nicholas and {Lissauer}, Jack J. and {Mann}, Andrew W. and {Marmier}, Maxime and {Nielsen}, Louise Dyregaard and {Rose}, Mark E. and {Shectman}, Stephen A. and {Shporer}, Avi and {Torres}, Guillermo and {Wang}, Sharon X. and {Wolfgang}, Angie and {Wong}, Ian and {Ziegler}, Carl},
        title = "{TESS Reveals a Short-period Sub-Neptune Sibling (HD 86226c) to a Known Long-period Giant Planet}",
      journal = {\aj},
     keywords = {Exoplanet astronomy, Exoplanet systems, 486, 484, Astrophysics - Earth and Planetary Astrophysics},
         year = 2020,
        month = aug,
       volume = {160},
       number = {2},
          eid = {96},
        pages = {96},
          doi = {10.3847/1538-3881/ab9f95},
archivePrefix = {arXiv},
       eprint = {2007.13927},
 primaryClass = {astro-ph.EP},
       adsurl = {https://ui.adsabs.harvard.edu/abs/2020AJ....160...96T},
      adsnote = {Provided by the SAO/NASA Astrophysics Data System}
}

@article{cooke2020cheops,
  title={CHEOPS observations of TESS primary mission monotransits},
  author={Cooke, Benjamin F and Pollacco, Don and Lendl, Monika and Kuntzer, Thibault and Fortier, Andrea},
  journal={Monthly Notices of the Royal Astronomical Society},
  volume={494},
  number={1},
  pages={736--742},
  year={2020},
  publisher={Oxford University Press}
}
@article{dawson2012photoeccentric,
  title={The photoeccentric effect and proto-hot Jupiters. I. Measuring photometric eccentricities of individual transiting planets},
  author={Dawson, Rebekah I and Johnson, John Asher},
  journal={The Astrophysical Journal},
  volume={756},
  number={2},
  pages={122},
  year={2012},
  publisher={IOP Publishing}
}
@ARTICLE{2020MNRAS.494..736C,
       author = {{Cooke}, Benjamin F. and {Pollacco}, Don and {Lendl}, Monika and {Kuntzer}, Thibault and {Fortier}, Andrea},
        title = "{CHEOPS observations of TESS primary mission monotransits}",
      journal = {\mnras},
     keywords = {surveys, planets and satellites: detection, methods: observational, Astrophysics - Earth and Planetary Astrophysics, Astrophysics - Solar and Stellar Astrophysics},
         year = 2020,
        month = may,
       volume = {494},
       number = {1},
        pages = {736-742},
          doi = {10.1093/mnras/staa768},
archivePrefix = {arXiv},
       eprint = {2003.07620},
 primaryClass = {astro-ph.EP},
       adsurl = {https://ui.adsabs.harvard.edu/abs/2020MNRAS.494..736C},
      adsnote = {Provided by the SAO/NASA Astrophysics Data System}
}
@ARTICLE{2020A&A...635A..24H,
       author = {{Hoyer}, S. and {Guterman}, P. and {Demangeon}, O. and {Sousa}, S.~G. and {Deleuil}, M. and {Meunier}, J.~C. and {Benz}, W.},
        title = "{Expected performances of the Characterising Exoplanet Satellite (CHEOPS). III. Data reduction pipeline: architecture and simulated performances}",
      journal = {\aap},
     keywords = {methods: data analysis, techniques: image processing, techniques: photometric, space vehicles: instruments, methods: observational, planetary systems, Astrophysics - Instrumentation and Methods for Astrophysics, Astrophysics - Earth and Planetary Astrophysics},
         year = 2020,
        month = mar,
       volume = {635},
          eid = {A24},
        pages = {A24},
          doi = {10.1051/0004-6361/201936325},
archivePrefix = {arXiv},
       eprint = {1909.08363},
 primaryClass = {astro-ph.IM},
       adsurl = {https://ui.adsabs.harvard.edu/abs/2020A&A...635A..24H},
      adsnote = {Provided by the SAO/NASA Astrophysics Data System}
}
@ARTICLE{2021ExA....51..109B,
       author = {{Benz}, W. and {Broeg}, C. and {Fortier}, A. and {Rando}, N. and {Beck}, T. and {Beck}, M. and {Queloz}, D. and {Ehrenreich}, D. and {Maxted}, P.~F.~L. and {Isaak}, K.~G. and {Billot}, N. and {Alibert}, Y. and {Alonso}, R. and {Ant{\'o}nio}, C. and {Asquier}, J. and {Bandy}, T. and {B{\'a}rczy}, T. and {Barrado}, D. and {Barros}, S.~C.~C. and {Baumjohann}, W. and {Bekkelien}, A. and {Bergomi}, M. and {Biondi}, F. and {Bonfils}, X. and {Borsato}, L. and {Brandeker}, A. and {Busch}, M. -D. and {Cabrera}, J. and {Cessa}, V. and {Charnoz}, S. and {Chazelas}, B. and {Collier Cameron}, A. and {Corral Van Damme}, C. and {Cortes}, D. and {Davies}, M.~B. and {Deleuil}, M. and {Deline}, A. and {Delrez}, L. and {Demangeon}, O. and {Demory}, B.~O. and {Erikson}, A. and {Farinato}, J. and {Fossati}, L. and {Fridlund}, M. and {Futyan}, D. and {Gandolfi}, D. and {Garcia Munoz}, A. and {Gillon}, M. and {Guterman}, P. and {Gutierrez}, A. and {Hasiba}, J. and {Heng}, K. and {Hernandez}, E. and {Hoyer}, S. and {Kiss}, L.~L. and {Kovacs}, Z. and {Kuntzer}, T. and {Laskar}, J. and {Lecavelier des Etangs}, A. and {Lendl}, M. and {L{\'o}pez}, A. and {Lora}, I. and {Lovis}, C. and {L{\"u}ftinger}, T. and {Magrin}, D. and {Malvasio}, L. and {Marafatto}, L. and {Michaelis}, H. and {de Miguel}, D. and {Modrego}, D. and {Munari}, M. and {Nascimbeni}, V. and {Olofsson}, G. and {Ottacher}, H. and {Ottensamer}, R. and {Pagano}, I. and {Palacios}, R. and {Pall{\'e}}, E. and {Peter}, G. and {Piazza}, D. and {Piotto}, G. and {Pizarro}, A. and {Pollaco}, D. and {Ragazzoni}, R. and {Ratti}, F. and {Rauer}, H. and {Ribas}, I. and {Rieder}, M. and {Rohlfs}, R. and {Safa}, F. and {Salatti}, M. and {Santos}, N.~C. and {Scandariato}, G. and {S{\'e}gransan}, D. and {Simon}, A.~E. and {Smith}, A.~M.~S. and {Sordet}, M. and {Sousa}, S.~G. and {Steller}, M. and {Szab{\'o}}, G.~M. and {Szoke}, J. and {Thomas}, N. and {Tschentscher}, M. and {Udry}, S. and {Van Grootel}, V. and {Viotto}, V. and {Walter}, I. and {Walton}, N.~A. and {Wildi}, F. and {Wolter}, D.},
        title = "{The CHEOPS mission}",
      journal = {Experimental Astronomy},
     keywords = {Exoplanets, CHEOPS, Small mission, High-precision transit photometry, Astrophysics - Instrumentation and Methods for Astrophysics, Astrophysics - Earth and Planetary Astrophysics},
         year = 2021,
        month = feb,
       volume = {51},
       number = {1},
        pages = {109-151},
          doi = {10.1007/s10686-020-09679-4},
archivePrefix = {arXiv},
       eprint = {2009.11633},
 primaryClass = {astro-ph.IM},
       adsurl = {https://ui.adsabs.harvard.edu/abs/2021ExA....51..109B},
      adsnote = {Provided by the SAO/NASA Astrophysics Data System}
}
@ARTICLE{2012ApJ...756..122D,
       author = {{Dawson}, Rebekah I. and {Johnson}, John Asher},
        title = "{The Photoeccentric Effect and Proto-hot Jupiters. I. Measuring Photometric Eccentricities of Individual Transiting Planets}",
      journal = {\apj},
     keywords = {planetary systems, techniques: photometric, Astrophysics - Earth and Planetary Astrophysics},
         year = 2012,
        month = sep,
       volume = {756},
       number = {2},
          eid = {122},
        pages = {122},
          doi = {10.1088/0004-637X/756/2/122},
archivePrefix = {arXiv},
       eprint = {1203.5537},
 primaryClass = {astro-ph.EP},
       adsurl = {https://ui.adsabs.harvard.edu/abs/2012ApJ...756..122D},
      adsnote = {Provided by the SAO/NASA Astrophysics Data System}
}

@ARTICLE{2018RNAAS...2..223K,
       author = {{Kipping}, David},
        title = "{The Orbital Period Prior for Single Transits}",
      journal = {Research Notes of the American Astronomical Society},
         year = 2018,
        month = dec,
       volume = {2},
       number = {4},
          eid = {223},
        pages = {223},
          doi = {10.3847/2515-5172/aaf50c},
       adsurl = {https://ui.adsabs.harvard.edu/abs/2018RNAAS...2..223K},
      adsnote = {Provided by the SAO/NASA Astrophysics Data System}
}
@ARTICLE{2013MNRAS.434L..51K,
       author = {{Kipping}, D.~M.},
        title = "{Parametrizing the exoplanet eccentricity distribution with the beta  distribution.}",
      journal = {\mnras},
     keywords = {methods: statistical, planets and satellites: general, Astrophysics - Earth and Planetary Astrophysics},
         year = 2013,
        month = jul,
       volume = {434},
        pages = {L51-L55},
          doi = {10.1093/mnrasl/slt075},
archivePrefix = {arXiv},
       eprint = {1306.4982},
 primaryClass = {astro-ph.EP},
       adsurl = {https://ui.adsabs.harvard.edu/abs/2013MNRAS.434L..51K},
      adsnote = {Provided by the SAO/NASA Astrophysics Data System}
}

@ARTICLE{2015ApJ...808..126V,
       author = {{Van Eylen}, Vincent and {Albrecht}, Simon},
        title = "{Eccentricity from Transit Photometry: Small Planets in Kepler Multi-planet Systems Have Low Eccentricities}",
      journal = {\apj},
     keywords = {planetary systems, stars: fundamental parameters, stars: oscillations: including pulsations, Astrophysics - Earth and Planetary Astrophysics, Astrophysics - Solar and Stellar Astrophysics},
         year = 2015,
        month = aug,
       volume = {808},
       number = {2},
          eid = {126},
        pages = {126},
          doi = {10.1088/0004-637X/808/2/126},
archivePrefix = {arXiv},
       eprint = {1505.02814},
 primaryClass = {astro-ph.EP},
       adsurl = {https://ui.adsabs.harvard.edu/abs/2015ApJ...808..126V},
      adsnote = {Provided by the SAO/NASA Astrophysics Data System}
}
@ARTICLE{2021JOSS....6.3285F,
       author = {{Foreman-Mackey}, Daniel and {Luger}, Rodrigo and {Agol}, Eric and {Barclay}, Thomas and {Bouma}, Luke and {Brandt}, Timothy and {Czekala}, Ian and {David}, Trevor and {Dong}, Jiayin and {Gilbert}, Emily and {Gordon}, Tyler and {Hedges}, Christina and {Hey}, Daniel and {Morris}, Brett and {Price-Whelan}, Adrian and {Savel}, Arjun},
        title = "{exoplanet: Gradient-based probabilistic inference for exoplanet data \& other astronomical time series}",
      journal = {The Journal of Open Source Software},
     keywords = {Python, astronomy, Astrophysics - Instrumentation and Methods for Astrophysics, Astrophysics - Earth and Planetary Astrophysics},
         year = 2021,
        month = jun,
       volume = {6},
       number = {62},
          eid = {3285},
        pages = {3285},
          doi = {10.21105/joss.03285},
archivePrefix = {arXiv},
       eprint = {2105.01994},
 primaryClass = {astro-ph.IM},
       adsurl = {https://ui.adsabs.harvard.edu/abs/2021JOSS....6.3285F},
      adsnote = {Provided by the SAO/NASA Astrophysics Data System}
}
@ARTICLE{2021RNAAS...5...13C,
       author = {{Claret}, A.},
        title = "{Limb and Gravity-darkening Coefficients for the Space Mission CHEOPS}",
      journal = {Research Notes of the American Astronomical Society},
     keywords = {Stellar atmospheres, 1584},
         year = 2021,
        month = jan,
       volume = {5},
       number = {1},
          eid = {13},
        pages = {13},
          doi = {10.3847/2515-5172/abdcb3},
       adsurl = {https://ui.adsabs.harvard.edu/abs/2021RNAAS...5...13C},
      adsnote = {Provided by the SAO/NASA Astrophysics Data System}
}
@ARTICLE{2017AJ....153...77C,
       author = {{Collins}, Karen A. and {Kielkopf}, John F. and {Stassun}, Keivan G. and {Hessman}, Frederic V.},
        title = "{AstroImageJ: Image Processing and Photometric Extraction for Ultra-precise Astronomical Light Curves}",
      journal = {\aj},
     keywords = {methods: data analysis, techniques: image processing, techniques: photometric, Astrophysics - Instrumentation and Methods for Astrophysics, Astrophysics - Earth and Planetary Astrophysics},
         year = 2017,
        month = feb,
       volume = {153},
       number = {2},
          eid = {77},
        pages = {77},
          doi = {10.3847/1538-3881/153/2/77},
archivePrefix = {arXiv},
       eprint = {1701.04817},
 primaryClass = {astro-ph.IM},
       adsurl = {https://ui.adsabs.harvard.edu/abs/2017AJ....153...77C},
      adsnote = {Provided by the SAO/NASA Astrophysics Data System}
}
@MISC{2016ascl.soft04012A,
       author = {{Agol}, Eric and {Deck}, Katherine},
        title = "{TTVFaster: First order eccentricity transit timing variations (TTVs)}",
     keywords = {Software, NASA, Kepler},
         year = 2016,
        month = apr,
          eid = {ascl:1604.012},
        pages = {ascl:1604.012},
archivePrefix = {ascl},
       eprint = {1604.012},
       adsurl = {https://ui.adsabs.harvard.edu/abs/2016ascl.soft04012A},
      adsnote = {Provided by the SAO/NASA Astrophysics Data System}
}

@ARTICLE{2021arXiv210109675B,
       author = {{Buchner}, Johannes},
        title = "{Nested Sampling Methods}",
      journal = {arXiv e-prints},
     keywords = {Statistics - Computation, Astrophysics - Instrumentation and Methods for Astrophysics},
         year = 2021,
        month = jan,
          eid = {arXiv:2101.09675},
        pages = {arXiv:2101.09675},
archivePrefix = {arXiv},
       eprint = {2101.09675},
 primaryClass = {stat.CO},
       adsurl = {https://ui.adsabs.harvard.edu/abs/2021arXiv210109675B},
      adsnote = {Provided by the SAO/NASA Astrophysics Data System}
}
@ARTICLE{2021JOSS....6.3001B,
       author = {{Buchner}, Johannes},
        title = "{UltraNest - a robust, general purpose Bayesian inference engine}",
      journal = {The Journal of Open Source Software},
     keywords = {C, Monte Carlo, Python, Nested Sampling, C++, Bayesian inference, Fortran, Bayes factors, Statistics - Computation, Astrophysics - Instrumentation and Methods for Astrophysics},
         year = 2021,
        month = apr,
       volume = {6},
       number = {60},
          eid = {3001},
        pages = {3001},
          doi = {10.21105/joss.03001},
archivePrefix = {arXiv},
       eprint = {2101.09604},
 primaryClass = {stat.CO},
       adsurl = {https://ui.adsabs.harvard.edu/abs/2021JOSS....6.3001B},
      adsnote = {Provided by the SAO/NASA Astrophysics Data System}
}

@ARTICLE{2013PASP..125..989A,
       author = {{Akeson}, R.~L. and {Chen}, X. and {Ciardi}, D. and {Crane}, M. and {Good}, J. and {Harbut}, M. and {Jackson}, E. and {Kane}, S.~R. and {Laity}, A.~C. and {Leifer}, S. and {Lynn}, M. and {McElroy}, D.~L. and {Papin}, M. and {Plavchan}, P. and {Ram{\'\i}rez}, S.~V. and {Rey}, R. and {von Braun}, K. and {Wittman}, M. and {Abajian}, M. and {Ali}, B. and {Beichman}, C. and {Beekley}, A. and {Berriman}, G.~B. and {Berukoff}, S. and {Bryden}, G. and {Chan}, B. and {Groom}, S. and {Lau}, C. and {Payne}, A.~N. and {Regelson}, M. and {Saucedo}, M. and {Schmitz}, M. and {Stauffer}, J. and {Wyatt}, P. and {Zhang}, A.},
        title = "{The NASA Exoplanet Archive: Data and Tools for Exoplanet Research}",
      journal = {\pasp},
     keywords = {Astrophysics - Instrumentation and Methods for Astrophysics, Astrophysics - Earth and Planetary Astrophysics},
         year = 2013,
        month = aug,
       volume = {125},
       number = {930},
        pages = {989},
          doi = {10.1086/672273},
archivePrefix = {arXiv},
       eprint = {1307.2944},
 primaryClass = {astro-ph.IM},
       adsurl = {https://ui.adsabs.harvard.edu/abs/2013PASP..125..989A},
      adsnote = {Provided by the SAO/NASA Astrophysics Data System}
}

@ARTICLE{2018RNAAS...2..209E,
       author = {{Espinoza}, N{\'e}stor},
        title = "{Efficient Joint Sampling of Impact Parameters and Transit Depths in Transiting Exoplanet Light Curves}",
      journal = {Research Notes of the American Astronomical Society},
     keywords = {Astrophysics - Earth and Planetary Astrophysics},
         year = 2018,
        month = nov,
       volume = {2},
       number = {4},
          eid = {209},
        pages = {209},
          doi = {10.3847/2515-5172/aaef38},
archivePrefix = {arXiv},
       eprint = {1811.04859},
 primaryClass = {astro-ph.EP},
       adsurl = {https://ui.adsabs.harvard.edu/abs/2018RNAAS...2..209E},
      adsnote = {Provided by the SAO/NASA Astrophysics Data System}
}

@article{exoplanet:joss,
       author = {{Foreman-Mackey}, Daniel and {Luger}, Rodrigo and {Agol}, Eric
                and {Barclay}, Thomas and {Bouma}, Luke G. and {Brandt},
                Timothy D. and {Czekala}, Ian and {David}, Trevor J. and
                {Dong}, Jiayin and {Gilbert}, Emily A. and {Gordon}, Tyler A.
                and {Hedges}, Christina and {Hey}, Daniel R. and {Morris},
                Brett M. and {Price-Whelan}, Adrian M. and {Savel}, Arjun B.},
        title = "{exoplanet: Gradient-based probabilistic inference for
                  exoplanet data \& other astronomical time series}",
      journal = {arXiv e-prints},
         year = 2021,
        month = may,
          eid = {arXiv:2105.01994},
        pages = {arXiv:2105.01994},
archivePrefix = {arXiv},
       eprint = {2105.01994},
 primaryClass = {astro-ph.IM},
       adsurl = {https://ui.adsabs.harvard.edu/abs/2021arXiv210501994F},
      adsnote = {Provided by the SAO/NASA Astrophysics Data System}
}

@misc{exoplanet:zenodo,
  author = {Daniel Foreman-Mackey and Arjun Savel and Rodrigo Luger  and
            Eric Agol and Ian Czekala and Adrian Price-Whelan and
            Christina Hedges and Emily Gilbert and Luke Bouma
            and Timothy D. Brandt and Tom Barclay},
   title = {exoplanet-dev/exoplanet v0.5.1},
   month = jun,
    year = 2021,
     doi = {10.5281/zenodo.1998447},
     url = {https://doi.org/10.5281/zenodo.1998447}
}


@article{exoplanet:pymc3,
    title={Probabilistic programming in Python using PyMC3},
   author={Salvatier, John and Wiecki, Thomas V and Fonnesbeck, Christopher},
  journal={PeerJ Computer Science},
   volume={2},
    pages={e55},
     year={2016},
publisher={PeerJ Inc.}
}


@article{exoplanet:theano,
    title="{Theano: A {Python} framework for fast computation of mathematical
            expressions}",
   author={{Theano Development Team}},
  journal={arXiv e-prints},
   volume={abs/1605.02688},
     year=2016,
    month=may,
      url={http://arxiv.org/abs/1605.02688}
}


@article{exoplanet:arviz,
    title={{ArviZ} a unified library for exploratory analysis of {Bayesian}
           models in {Python}},
   author={Kumar, Ravin and Carroll, Colin and Hartikainen, Ari and Martin,
           Osvaldo A.},
  journal={The Journal of Open Source Software},
     year=2019,
      doi={10.21105/joss.01143},
      url={http://joss.theoj.org/papers/10.21105/joss.01143}
}


@article{exoplanet:astropy13,
   author = {{Astropy Collaboration} and {Robitaille}, T.~P. and {Tollerud},
             E.~J. and {Greenfield}, P. and {Droettboom}, M. and {Bray}, E. and
             {Aldcroft}, T. and {Davis}, M. and {Ginsburg}, A. and
             {Price-Whelan}, A.~M. and {Kerzendorf}, W.~E. and {Conley}, A. and
             {Crighton}, N. and {Barbary}, K. and {Muna}, D. and {Ferguson}, H.
             and {Grollier}, F. and {Parikh}, M.~M. and {Nair}, P.~H. and
             {Unther}, H.~M. and {Deil}, C. and {Woillez}, J. and {Conseil}, S.
             and {Kramer}, R. and {Turner}, J.~E.~H. and {Singer}, L. and
             {Fox}, R. and {Weaver}, B.~A. and {Zabalza}, V. and {Edwards},
             Z.~I. and {Azalee Bostroem}, K. and {Burke}, D.~J. and {Casey},
             A.~R. and {Crawford}, S.~M. and {Dencheva}, N. and {Ely}, J. and
             {Jenness}, T. and {Labrie}, K. and {Lim}, P.~L. and
             {Pierfederici}, F. and {Pontzen}, A. and {Ptak}, A. and {Refsdal},
             B. and {Servillat}, M. and {Streicher}, O.},
    title = "{Astropy: A community Python package for astronomy}",
  journal = {\aap},
     year = 2013,
    month = oct,
   volume = 558,
    pages = {A33},
      doi = {10.1051/0004-6361/201322068},
   adsurl = {http://adsabs.harvard.edu/abs/2013A%26A...558A..33A},
  adsnote = {Provided by the SAO/NASA Astrophysics Data System}
}

@article{exoplanet:astropy18,
   author = {{Astropy Collaboration} and {Price-Whelan}, A.~M. and
             {Sip{\H o}cz}, B.~M. and {G{\"u}nther}, H.~M. and {Lim}, P.~L. and
             {Crawford}, S.~M. and {Conseil}, S. and {Shupe}, D.~L. and
             {Craig}, M.~W. and {Dencheva}, N. and {Ginsburg}, A. and
             {VanderPlas}, J.~T. and {Bradley}, L.~D. and
             {P{\'e}rez-Su{\'a}rez}, D. and {de Val-Borro}, M.
             and {Aldcroft}, T.~L. and {Cruz}, K.~L. and {Robitaille}, T.~P.
             and {Tollerud}, E.~J. and {Ardelean}, C. and {Babej}, T. and
             {Bach}, Y.~P. and {Bachetti}, M. and {Bakanov}, A.~V. and
             {Bamford}, S.~P. and {Barentsen}, G. and {Barmby}, P. and
             {Baumbach}, A. and {Berry}, K.~L.  and {Biscani}, F. and
             {Boquien}, M. and {Bostroem}, K.~A. and {Bouma}, L.~G. and
             {Brammer}, G.~B. and {Bray}, E.~M. and {Breytenbach}, H. and
             {Buddelmeijer}, H. and {Burke}, D.~J. and {Calderone}, G. and
             {Cano Rodr{\'{\i}}guez}, J.~L. and {Cara}, M. and {Cardoso},
             J.~V.~M. and {Cheedella}, S. and {Copin}, Y. and {Corrales}, L.
             and {Crichton}, D. and {D'Avella}, D. and {Deil}, C. and
             {Depagne}, {\'E}. and {Dietrich}, J.~P. and {Donath}, A. and
             {Droettboom}, M. and {Earl}, N. and {Erben}, T. and {Fabbro}, S.
             and {Ferreira}, L.~A. and {Finethy}, T. and {Fox}, R.~T. and
             {Garrison}, L.~H. and {Gibbons}, S.~L.~J. and {Goldstein}, D.~A.
             and {Gommers}, R. and {Greco}, J.~P. and {Greenfield}, P. and
             {Groener}, A.~M. and {Grollier}, F. and {Hagen}, A. and {Hirst},
             P. and {Homeier}, D. and {Horton}, A.~J. and {Hosseinzadeh}, G.
             and {Hu}, L. and {Hunkeler}, J.~S. and {Ivezi{\'c}}, {\v Z}. and
             {Jain}, A. and {Jenness}, T. and {Kanarek}, G. and {Kendrew}, S.
             and {Kern}, N.~S. and {Kerzendorf}, W.~E. and {Khvalko}, A. and
             {King}, J. and {Kirkby}, D. and {Kulkarni}, A.~M. and {Kumar}, A.
             and {Lee}, A.  and {Lenz}, D.  and {Littlefair}, S.~P. and {Ma},
             Z. and {Macleod}, D.~M. and {Mastropietro}, M. and {McCully}, C.
             and {Montagnac}, S. and {Morris}, B.~M. and {Mueller}, M. and
             {Mumford}, S.~J. and {Muna}, D. and {Murphy}, N.~A. and {Nelson},
             S. and {Nguyen}, G.~H. and {Ninan}, J.~P. and {N{\"o}the}, M. and
             {Ogaz}, S. and {Oh}, S. and {Parejko}, J.~K.  and {Parley}, N. and
             {Pascual}, S. and {Patil}, R. and {Patil}, A.~A.  and {Plunkett},
             A.~L. and {Prochaska}, J.~X. and {Rastogi}, T. and {Reddy Janga},
             V. and {Sabater}, J.  and {Sakurikar}, P. and {Seifert}, M. and
             {Sherbert}, L.~E. and {Sherwood-Taylor}, H. and {Shih}, A.~Y. and
             {Sick}, J. and {Silbiger}, M.~T. and {Singanamalla}, S. and
             {Singer}, L.~P. and {Sladen}, P.~H. and {Sooley}, K.~A. and
             {Sornarajah}, S. and {Streicher}, O. and {Teuben}, P. and
             {Thomas}, S.~W. and {Tremblay}, G.~R. and {Turner}, J.~E.~H. and
             {Terr{\'o}n}, V.  and {van Kerkwijk}, M.~H. and {de la Vega}, A.
             and {Watkins}, L.~L. and {Weaver}, B.~A. and {Whitmore}, J.~B. and
             {Woillez}, J.  and {Zabalza}, V. and {Astropy Contributors}},
    title = "{The Astropy Project: Building an Open-science Project and Status
              of the v2.0 Core Package}",
  journal = {\aj},
     year = 2018,
    month = sep,
   volume = 156,
    pages = {123},
      doi = {10.3847/1538-3881/aabc4f},
   adsurl = {http://adsabs.harvard.edu/abs/2018AJ....156..123A},
  adsnote = {Provided by the SAO/NASA Astrophysics Data System}
}


@article{exoplanet:luger18,
   author = {{Luger}, R. and {Agol}, E. and {Foreman-Mackey}, D. and {Fleming},
             D.~P. and {Lustig-Yaeger}, J. and {Deitrick}, R.},
    title = "{starry: Analytic Occultation Light Curves}",
  journal = {\aj},
     year = 2019,
    month = feb,
   volume = 157,
    pages = {64},
      doi = {10.3847/1538-3881/aae8e5},
   adsurl = {http://adsabs.harvard.edu/abs/2019AJ....157...64L},
  adsnote = {Provided by the SAO/NASA Astrophysics Data System}
}

@article{exoplanet:agol20,
   author = {{Agol}, Eric and {Luger}, Rodrigo and {Foreman-Mackey}, Daniel},
    title = "{Analytic Planetary Transit Light Curves and Derivatives for
              Stars with Polynomial Limb Darkening}",
  journal = {\aj},
     year = 2020,
    month = mar,
   volume = {159},
   number = {3},
    pages = {123},
      doi = {10.3847/1538-3881/ab4fee},
   adsurl = {https://ui.adsabs.harvard.edu/abs/2020AJ....159..123A},
  adsnote = {Provided by the SAO/NASA Astrophysics Data System}
}

@article{brown2013cumbres,
  title={Las Cumbres Observatory global telescope network},
  author={Brown, TM and Baliber, N and Bianco, FB and Bowman, M and Burleson, B and Conway, P and Crellin, M and Depagne, {\'E} and De Vera, J and Dilday, B and others},
  journal={Publications of the Astronomical Society of the Pacific},
  volume={125},
  number={931},
  pages={1031},
  year={2013},
  publisher={IOP Publishing}
}
@article{narita2015muscat,
  title={MuSCAT: a multicolor simultaneous camera for studying atmospheres of transiting exoplanets},
  author={Narita, Norio and Fukui, Akihiko and Kusakabe, Nobuhiko and Onitsuka, Masahiro and Ryu, Tsuguru and Yanagisawa, Kenshi and Izumiura, Hideyuki and Tamura, Motohide and Yamamuro, Tomoyasu},
  journal={Journal of Astronomical Telescopes, Instruments, and Systems},
  volume={1},
  number={4},
  pages={045001},
  year={2015},
  publisher={International Society for Optics and Photonics}
}
@ARTICLE{2018PASP..130k4401K,
       author = {{Kempton}, Eliza M. -R. and {Bean}, Jacob L. and {Louie}, Dana R. and {Deming}, Drake and {Koll}, Daniel D.~B. and {Mansfield}, Megan and {Christiansen}, Jessie L. and {L{\'o}pez-Morales}, Mercedes and {Swain}, Mark R. and {Zellem}, Robert T. and {Ballard}, Sarah and {Barclay}, Thomas and {Barstow}, Joanna K. and {Batalha}, Natasha E. and {Beatty}, Thomas G. and {Berta-Thompson}, Zach and {Birkby}, Jayne and {Buchhave}, Lars A. and {Charbonneau}, David and {Cowan}, Nicolas B. and {Crossfield}, Ian and {de Val-Borro}, Miguel and {Doyon}, Ren{\'e} and {Dragomir}, Diana and {Gaidos}, Eric and {Heng}, Kevin and {Hu}, Renyu and {Kane}, Stephen R. and {Kreidberg}, Laura and {Mallonn}, Matthias and {Morley}, Caroline V. and {Narita}, Norio and {Nascimbeni}, Valerio and {Pall{\'e}}, Enric and {Quintana}, Elisa V. and {Rauscher}, Emily and {Seager}, Sara and {Shkolnik}, Evgenya L. and {Sing}, David K. and {Sozzetti}, Alessandro and {Stassun}, Keivan G. and {Valenti}, Jeff A. and {von Essen}, Carolina},
        title = "{A Framework for Prioritizing the TESS Planetary Candidates Most Amenable to Atmospheric Characterization}",
      journal = {\pasp},
     keywords = {Astrophysics - Earth and Planetary Astrophysics},
         year = 2018,
        month = nov,
       volume = {130},
       number = {993},
        pages = {114401},
          doi = {10.1088/1538-3873/aadf6f},
archivePrefix = {arXiv},
       eprint = {1805.03671},
 primaryClass = {astro-ph.EP},
       adsurl = {https://ui.adsabs.harvard.edu/abs/2018PASP..130k4401K},
      adsnote = {Provided by the SAO/NASA Astrophysics Data System}
}

@ARTICLE{2018AJ....156..102S,
       author = {{Stassun}, Keivan G. and {Oelkers}, Ryan J. and {Pepper}, Joshua and {Paegert}, Martin and {De Lee}, Nathan and {Torres}, Guillermo and {Latham}, David W. and {Charpinet}, St{\'e}phane and {Dressing}, Courtney D. and {Huber}, Daniel and {Kane}, Stephen R. and {L{\'e}pine}, S{\'e}bastien and {Mann}, Andrew and {Muirhead}, Philip S. and {Rojas-Ayala}, B{\'a}rbara and {Silvotti}, Roberto and {Fleming}, Scott W. and {Levine}, Al and {Plavchan}, Peter},
        title = "{The TESS Input Catalog and Candidate Target List}",
      journal = {\aj},
     keywords = {stars: fundamental parameters, Astrophysics - Earth and Planetary Astrophysics, Astrophysics - Solar and Stellar Astrophysics},
         year = 2018,
        month = sep,
       volume = {156},
       number = {3},
          eid = {102},
        pages = {102},
          doi = {10.3847/1538-3881/aad050},
archivePrefix = {arXiv},
       eprint = {1706.00495},
 primaryClass = {astro-ph.EP},
       adsurl = {https://ui.adsabs.harvard.edu/abs/2018AJ....156..102S},
      adsnote = {Provided by the SAO/NASA Astrophysics Data System}
}

@ARTICLE{2021ApJS..254...39G,
       author = {{Guerrero}, Natalia M. and {Seager}, S. and {Huang}, Chelsea X. and {Vanderburg}, Andrew and {Garcia Soto}, Aylin and {Mireles}, Ismael and {Hesse}, Katharine and {Fong}, William and {Glidden}, Ana and {Shporer}, Avi and {Latham}, David W. and {Collins}, Karen A. and {Quinn}, Samuel N. and {Burt}, Jennifer and {Dragomir}, Diana and {Crossfield}, Ian and {Vanderspek}, Roland and {Fausnaugh}, Michael and {Burke}, Christopher J. and {Ricker}, George and {Daylan}, Tansu and {Essack}, Zahra and {G{\"u}nther}, Maximilian N. and {Osborn}, Hugh P. and {Pepper}, Joshua and {Rowden}, Pamela and {Sha}, Lizhou and {Villanueva}, Steven, Jr. and {Yahalomi}, Daniel A. and {Yu}, Liang and {Ballard}, Sarah and {Batalha}, Natalie M. and {Berardo}, David and {Chontos}, Ashley and {Dittmann}, Jason A. and {Esquerdo}, Gilbert A. and {Mikal-Evans}, Thomas and {Jayaraman}, Rahul and {Krishnamurthy}, Akshata and {Louie}, Dana R. and {Mehrle}, Nicholas and {Niraula}, Prajwal and {Rackham}, Benjamin V. and {Rodriguez}, Joseph E. and {Rowden}, Stephen J.~L. and {Sousa-Silva}, Clara and {Watanabe}, David and {Wong}, Ian and {Zhan}, Zhuchang and {Zivanovic}, Goran and {Christiansen}, Jessie L. and {Ciardi}, David R. and {Swain}, Melanie A. and {Lund}, Michael B. and {Mullally}, Susan E. and {Fleming}, Scott W. and {Rodriguez}, David R. and {Boyd}, Patricia T. and {Quintana}, Elisa V. and {Barclay}, Thomas and {Col{\'o}n}, Knicole D. and {Rinehart}, S.~A. and {Schlieder}, Joshua E. and {Clampin}, Mark and {Jenkins}, Jon M. and {Twicken}, Joseph D. and {Caldwell}, Douglas A. and {Coughlin}, Jeffrey L. and {Henze}, Chris and {Lissauer}, Jack J. and {Morris}, Robert L. and {Rose}, Mark E. and {Smith}, Jeffrey C. and {Tenenbaum}, Peter and {Ting}, Eric B. and {Wohler}, Bill and {Bakos}, G. {\'A}. and {Bean}, Jacob L. and {Berta-Thompson}, Zachory K. and {Bieryla}, Allyson and {Bouma}, Luke G. and {Buchhave}, Lars A. and {Butler}, Nathaniel and {Charbonneau}, David and {Doty}, John P. and {Ge}, Jian and {Holman}, Matthew J. and {Howard}, Andrew W. and {Kaltenegger}, Lisa and {Kane}, Stephen R. and {Kjeldsen}, Hans and {Kreidberg}, Laura and {Lin}, Douglas N.~C. and {Minsky}, Charlotte and {Narita}, Norio and {Paegert}, Martin and {P{\'a}l}, Andr{\'a}s and {Palle}, Enric and {Sasselov}, Dimitar D. and {Spencer}, Alton and {Sozzetti}, Alessandro and {Stassun}, Keivan G. and {Torres}, Guillermo and {Udry}, Stephane and {Winn}, Joshua N.},
        title = "{The TESS Objects of Interest Catalog from the TESS Prime Mission}",
      journal = {\apjs},
     keywords = {Exoplanet catalogs, Exoplanets, Exoplanet astronomy, 488, 498, 486, Astrophysics - Earth and Planetary Astrophysics, Astrophysics - Solar and Stellar Astrophysics},
         year = 2021,
        month = jun,
       volume = {254},
       number = {2},
          eid = {39},
        pages = {39},
          doi = {10.3847/1538-4365/abefe1},
archivePrefix = {arXiv},
       eprint = {2103.12538},
 primaryClass = {astro-ph.EP},
       adsurl = {https://ui.adsabs.harvard.edu/abs/2021ApJS..254...39G},
      adsnote = {Provided by the SAO/NASA Astrophysics Data System}
}

@ARTICLE{2018A&A...616A...1G,
       author = {{Gaia Collaboration} and {Brown}, A.~G.~A. and {Vallenari}, A. and {Prusti}, T. and {de Bruijne}, J.~H.~J. and {Babusiaux}, C. and {Bailer-Jones}, C.~A.~L. and {Biermann}, M. and {Evans}, D.~W. and {Eyer}, L. and {Jansen}, F. and {Jordi}, C. and {Klioner}, S.~A. and {Lammers}, U. and {Lindegren}, L. and {Luri}, X. and {Mignard}, F. and {Panem}, C. and {Pourbaix}, D. and {Randich}, S. and {Sartoretti}, P. and {Siddiqui}, H.~I. and {Soubiran}, C. and {van Leeuwen}, F. and {Walton}, N.~A. and {Arenou}, F. and {Bastian}, U. and {Cropper}, M. and {Drimmel}, R. and {Katz}, D. and {Lattanzi}, M.~G. and {Bakker}, J. and {Cacciari}, C. and {Casta{\~n}eda}, J. and {Chaoul}, L. and {Cheek}, N. and {De Angeli}, F. and {Fabricius}, C. and {Guerra}, R. and {Holl}, B. and {Masana}, E. and {Messineo}, R. and {Mowlavi}, N. and {Nienartowicz}, K. and {Panuzzo}, P. and {Portell}, J. and {Riello}, M. and {Seabroke}, G.~M. and {Tanga}, P. and {Th{\'e}venin}, F. and {Gracia-Abril}, G. and {Comoretto}, G. and {Garcia-Reinaldos}, M. and {Teyssier}, D. and {Altmann}, M. and {Andrae}, R. and {Audard}, M. and {Bellas-Velidis}, I. and {Benson}, K. and {Berthier}, J. and {Blomme}, R. and {Burgess}, P. and {Busso}, G. and {Carry}, B. and {Cellino}, A. and {Clementini}, G. and {Clotet}, M. and {Creevey}, O. and {Davidson}, M. and {De Ridder}, J. and {Delchambre}, L. and {Dell'Oro}, A. and {Ducourant}, C. and {Fern{\'a}ndez-Hern{\'a}ndez}, J. and {Fouesneau}, M. and {Fr{\'e}mat}, Y. and {Galluccio}, L. and {Garc{\'\i}a-Torres}, M. and {Gonz{\'a}lez-N{\'u}{\~n}ez}, J. and {Gonz{\'a}lez-Vidal}, J.~J. and {Gosset}, E. and {Guy}, L.~P. and {Halbwachs}, J. -L. and {Hambly}, N.~C. and {Harrison}, D.~L. and {Hern{\'a}ndez}, J. and {Hestroffer}, D. and {Hodgkin}, S.~T. and {Hutton}, A. and {Jasniewicz}, G. and {Jean-Antoine-Piccolo}, A. and {Jordan}, S. and {Korn}, A.~J. and {Krone-Martins}, A. and {Lanzafame}, A.~C. and {Lebzelter}, T. and {L{\"o}ffler}, W. and {Manteiga}, M. and {Marrese}, P.~M. and {Mart{\'\i}n-Fleitas}, J.~M. and {Moitinho}, A. and {Mora}, A. and {Muinonen}, K. and {Osinde}, J. and {Pancino}, E. and {Pauwels}, T. and {Petit}, J. -M. and {Recio-Blanco}, A. and {Richards}, P.~J. and {Rimoldini}, L. and {Robin}, A.~C. and {Sarro}, L.~M. and {Siopis}, C. and {Smith}, M. and {Sozzetti}, A. and {S{\"u}veges}, M. and {Torra}, J. and {van Reeven}, W. and {Abbas}, U. and {Abreu Aramburu}, A. and {Accart}, S. and {Aerts}, C. and {Altavilla}, G. and {{\'A}lvarez}, M.~A. and {Alvarez}, R. and {Alves}, J. and {Anderson}, R.~I. and {Andrei}, A.~H. and {Anglada Varela}, E. and {Antiche}, E. and {Antoja}, T. and {Arcay}, B. and {Astraatmadja}, T.~L. and {Bach}, N. and {Baker}, S.~G. and {Balaguer-N{\'u}{\~n}ez}, L. and {Balm}, P. and {Barache}, C. and {Barata}, C. and {Barbato}, D. and {Barblan}, F. and {Barklem}, P.~S. and {Barrado}, D. and {Barros}, M. and {Barstow}, M.~A. and {Bartholom{\'e} Mu{\~n}oz}, S. and {Bassilana}, J. -L. and {Becciani}, U. and {Bellazzini}, M. and {Berihuete}, A. and {Bertone}, S. and {Bianchi}, L. and {Bienaym{\'e}}, O. and {Blanco-Cuaresma}, S. and {Boch}, T. and {Boeche}, C. and {Bombrun}, A. and {Borrachero}, R. and {Bossini}, D. and {Bouquillon}, S. and {Bourda}, G. and {Bragaglia}, A. and {Bramante}, L. and {Breddels}, M.~A. and {Bressan}, A. and {Brouillet}, N. and {Br{\"u}semeister}, T. and {Brugaletta}, E. and {Bucciarelli}, B. and {Burlacu}, A. and {Busonero}, D. and {Butkevich}, A.~G. and {Buzzi}, R. and {Caffau}, E. and {Cancelliere}, R. and {Cannizzaro}, G. and {Cantat-Gaudin}, T. and {Carballo}, R. and {Carlucci}, T. and {Carrasco}, J.~M. and {Casamiquela}, L. and {Castellani}, M. and {Castro-Ginard}, A. and {Charlot}, P. and {Chemin}, L. and {Chiavassa}, A. and {Cocozza}, G. and {Costigan}, G. and {Cowell}, S. and {Crifo}, F. and {Crosta}, M. and {Crowley}, C. and {Cuypers}, J. and {Dafonte}, C. and {Damerdji}, Y. and {Dapergolas}, A. and {David}, P. and {David}, M. and {de Laverny}, P. and {De Luise}, F. and {De March}, R. and {de Martino}, D. and {de Souza}, R. and {de Torres}, A. and {Debosscher}, J. and {del Pozo}, E. and {Delbo}, M. and {Delgado}, A. and {Delgado}, H.~E. and {Di Matteo}, P. and {Diakite}, S. and {Diener}, C. and {Distefano}, E. and {Dolding}, C. and {Drazinos}, P. and {Dur{\'a}n}, J. and {Edvardsson}, B. and {Enke}, H. and {Eriksson}, K. and {Esquej}, P. and {Eynard Bontemps}, G. and {Fabre}, C. and {Fabrizio}, M. and {Faigler}, S. and {Falc{\~a}o}, A.~J. and {Farr{\`a}s Casas}, M. and {Federici}, L. and {Fedorets}, G. and {Fernique}, P. and {Figueras}, F. and {Filippi}, F. and {Findeisen}, K. and {Fonti}, A. and {Fraile}, E. and {Fraser}, M. and {Fr{\'e}zouls}, B. and {Gai}, M. and {Galleti}, S. and {Garabato}, D. and {Garc{\'\i}a-Sedano}, F. and {Garofalo}, A. and {Garralda}, N. and {Gavel}, A. and {Gavras}, P. and {Gerssen}, J. and {Geyer}, R. and {Giacobbe}, P. and {Gilmore}, G. and {Girona}, S. and {Giuffrida}, G. and {Glass}, F. and {Gomes}, M. and {Granvik}, M. and {Gueguen}, A. and {Guerrier}, A. and {Guiraud}, J. and {Guti{\'e}rrez-S{\'a}nchez}, R. and {Haigron}, R. and {Hatzidimitriou}, D. and {Hauser}, M. and {Haywood}, M. and {Heiter}, U. and {Helmi}, A. and {Heu}, J. and {Hilger}, T. and {Hobbs}, D. and {Hofmann}, W. and {Holland}, G. and {Huckle}, H.~E. and {Hypki}, A. and {Icardi}, V. and {Jan{\ss}en}, K. and {Jevardat de Fombelle}, G. and {Jonker}, P.~G. and {Juh{\'a}sz}, {\'A}. L. and {Julbe}, F. and {Karampelas}, A. and {Kewley}, A. and {Klar}, J. and {Kochoska}, A. and {Kohley}, R. and {Kolenberg}, K. and {Kontizas}, M. and {Kontizas}, E. and {Koposov}, S.~E. and {Kordopatis}, G. and {Kostrzewa-Rutkowska}, Z. and {Koubsky}, P. and {Lambert}, S. and {Lanza}, A.~F. and {Lasne}, Y. and {Lavigne}, J. -B. and {Le Fustec}, Y. and {Le Poncin-Lafitte}, C. and {Lebreton}, Y. and {Leccia}, S. and {Leclerc}, N. and {Lecoeur-Taibi}, I. and {Lenhardt}, H. and {Leroux}, F. and {Liao}, S. and {Licata}, E. and {Lindstr{\o}m}, H.~E.~P. and {Lister}, T.~A. and {Livanou}, E. and {Lobel}, A. and {L{\'o}pez}, M. and {Managau}, S. and {Mann}, R.~G. and {Mantelet}, G. and {Marchal}, O. and {Marchant}, J.~M. and {Marconi}, M. and {Marinoni}, S. and {Marschalk{\'o}}, G. and {Marshall}, D.~J. and {Martino}, M. and {Marton}, G. and {Mary}, N. and {Massari}, D. and {Matijevi{\v{c}}}, G. and {Mazeh}, T. and {McMillan}, P.~J. and {Messina}, S. and {Michalik}, D. and {Millar}, N.~R. and {Molina}, D. and {Molinaro}, R. and {Moln{\'a}r}, L. and {Montegriffo}, P. and {Mor}, R. and {Morbidelli}, R. and {Morel}, T. and {Morris}, D. and {Mulone}, A.~F. and {Muraveva}, T. and {Musella}, I. and {Nelemans}, G. and {Nicastro}, L. and {Noval}, L. and {O'Mullane}, W. and {Ord{\'e}novic}, C. and {Ord{\'o}{\~n}ez-Blanco}, D. and {Osborne}, P. and {Pagani}, C. and {Pagano}, I. and {Pailler}, F. and {Palacin}, H. and {Palaversa}, L. and {Panahi}, A. and {Pawlak}, M. and {Piersimoni}, A.~M. and {Pineau}, F. -X. and {Plachy}, E. and {Plum}, G. and {Poggio}, E. and {Poujoulet}, E. and {Pr{\v{s}}a}, A. and {Pulone}, L. and {Racero}, E. and {Ragaini}, S. and {Rambaux}, N. and {Ramos-Lerate}, M. and {Regibo}, S. and {Reyl{\'e}}, C. and {Riclet}, F. and {Ripepi}, V. and {Riva}, A. and {Rivard}, A. and {Rixon}, G. and {Roegiers}, T. and {Roelens}, M. and {Romero-G{\'o}mez}, M. and {Rowell}, N. and {Royer}, F. and {Ruiz-Dern}, L. and {Sadowski}, G. and {Sagrist{\`a} Sell{\'e}s}, T. and {Sahlmann}, J. and {Salgado}, J. and {Salguero}, E. and {Sanna}, N. and {Santana-Ros}, T. and {Sarasso}, M. and {Savietto}, H. and {Schultheis}, M. and {Sciacca}, E. and {Segol}, M. and {Segovia}, J.~C. and {S{\'e}gransan}, D. and {Shih}, I. -C. and {Siltala}, L. and {Silva}, A.~F. and {Smart}, R.~L. and {Smith}, K.~W. and {Solano}, E. and {Solitro}, F. and {Sordo}, R. and {Soria Nieto}, S. and {Souchay}, J. and {Spagna}, A. and {Spoto}, F. and {Stampa}, U. and {Steele}, I.~A. and {Steidelm{\"u}ller}, H. and {Stephenson}, C.~A. and {Stoev}, H. and {Suess}, F.~F. and {Surdej}, J. and {Szabados}, L. and {Szegedi-Elek}, E. and {Tapiador}, D. and {Taris}, F. and {Tauran}, G. and {Taylor}, M.~B. and {Teixeira}, R. and {Terrett}, D. and {Teyssandier}, P. and {Thuillot}, W. and {Titarenko}, A. and {Torra Clotet}, F. and {Turon}, C. and {Ulla}, A. and {Utrilla}, E. and {Uzzi}, S. and {Vaillant}, M. and {Valentini}, G. and {Valette}, V. and {van Elteren}, A. and {Van Hemelryck}, E. and {van Leeuwen}, M. and {Vaschetto}, M. and {Vecchiato}, A. and {Veljanoski}, J. and {Viala}, Y. and {Vicente}, D. and {Vogt}, S. and {von Essen}, C. and {Voss}, H. and {Votruba}, V. and {Voutsinas}, S. and {Walmsley}, G. and {Weiler}, M. and {Wertz}, O. and {Wevers}, T. and {Wyrzykowski}, {\L}. and {Yoldas}, A. and {{\v{Z}}erjal}, M. and {Ziaeepour}, H. and {Zorec}, J. and {Zschocke}, S. and {Zucker}, S. and {Zurbach}, C. and {Zwitter}, T.},
        title = "{Gaia Data Release 2. Summary of the contents and survey properties}",
      journal = {\aap},
     keywords = {catalogs, astrometry, techniques: radial velocities, stars: fundamental parameters, stars: variables: general, minor planets, asteroids: general, Astrophysics - Astrophysics of Galaxies, Astrophysics - Instrumentation and Methods for Astrophysics},
         year = 2018,
        month = aug,
       volume = {616},
          eid = {A1},
        pages = {A1},
          doi = {10.1051/0004-6361/201833051},
archivePrefix = {arXiv},
       eprint = {1804.09365},
 primaryClass = {astro-ph.GA},
       adsurl = {https://ui.adsabs.harvard.edu/abs/2018A&A...616A...1G},
      adsnote = {Provided by the SAO/NASA Astrophysics Data System}
}


@ARTICLE{2021A&A...649A...1G,
       author = {{Gaia Collaboration} and {Brown}, A.~G.~A. and {Vallenari}, A. and {Prusti}, T. and {de Bruijne}, J.~H.~J. and {Babusiaux}, C. and {Biermann}, M. and {Creevey}, O.~L. and {Evans}, D.~W. and {Eyer}, L. and {Hutton}, A. and {Jansen}, F. and {Jordi}, C. and {Klioner}, S.~A. and {Lammers}, U. and {Lindegren}, L. and {Luri}, X. and {Mignard}, F. and {Panem}, C. and {Pourbaix}, D. and {Randich}, S. and {Sartoretti}, P. and {Soubiran}, C. and {Walton}, N.~A. and {Arenou}, F. and {Bailer-Jones}, C.~A.~L. and {Bastian}, U. and {Cropper}, M. and {Drimmel}, R. and {Katz}, D. and {Lattanzi}, M.~G. and {van Leeuwen}, F. and {Bakker}, J. and {Cacciari}, C. and {Casta{\~n}eda}, J. and {De Angeli}, F. and {Ducourant}, C. and {Fabricius}, C. and {Fouesneau}, M. and {Fr{\'e}mat}, Y. and {Guerra}, R. and {Guerrier}, A. and {Guiraud}, J. and {Jean-Antoine Piccolo}, A. and {Masana}, E. and {Messineo}, R. and {Mowlavi}, N. and {Nicolas}, C. and {Nienartowicz}, K. and {Pailler}, F. and {Panuzzo}, P. and {Riclet}, F. and {Roux}, W. and {Seabroke}, G.~M. and {Sordo}, R. and {Tanga}, P. and {Th{\'e}venin}, F. and {Gracia-Abril}, G. and {Portell}, J. and {Teyssier}, D. and {Altmann}, M. and {Andrae}, R. and {Bellas-Velidis}, I. and {Benson}, K. and {Berthier}, J. and {Blomme}, R. and {Brugaletta}, E. and {Burgess}, P.~W. and {Busso}, G. and {Carry}, B. and {Cellino}, A. and {Cheek}, N. and {Clementini}, G. and {Damerdji}, Y. and {Davidson}, M. and {Delchambre}, L. and {Dell'Oro}, A. and {Fern{\'a}ndez-Hern{\'a}ndez}, J. and {Galluccio}, L. and {Garc{\'\i}a-Lario}, P. and {Garcia-Reinaldos}, M. and {Gonz{\'a}lez-N{\'u}{\~n}ez}, J. and {Gosset}, E. and {Haigron}, R. and {Halbwachs}, J. -L. and {Hambly}, N.~C. and {Harrison}, D.~L. and {Hatzidimitriou}, D. and {Heiter}, U. and {Hern{\'a}ndez}, J. and {Hestroffer}, D. and {Hodgkin}, S.~T. and {Holl}, B. and {Jan{\ss}en}, K. and {Jevardat de Fombelle}, G. and {Jordan}, S. and {Krone-Martins}, A. and {Lanzafame}, A.~C. and {L{\"o}ffler}, W. and {Lorca}, A. and {Manteiga}, M. and {Marchal}, O. and {Marrese}, P.~M. and {Moitinho}, A. and {Mora}, A. and {Muinonen}, K. and {Osborne}, P. and {Pancino}, E. and {Pauwels}, T. and {Petit}, J. -M. and {Recio-Blanco}, A. and {Richards}, P.~J. and {Riello}, M. and {Rimoldini}, L. and {Robin}, A.~C. and {Roegiers}, T. and {Rybizki}, J. and {Sarro}, L.~M. and {Siopis}, C. and {Smith}, M. and {Sozzetti}, A. and {Ulla}, A. and {Utrilla}, E. and {van Leeuwen}, M. and {van Reeven}, W. and {Abbas}, U. and {Abreu Aramburu}, A. and {Accart}, S. and {Aerts}, C. and {Aguado}, J.~J. and {Ajaj}, M. and {Altavilla}, G. and {{\'A}lvarez}, M.~A. and {{\'A}lvarez Cid-Fuentes}, J. and {Alves}, J. and {Anderson}, R.~I. and {Anglada Varela}, E. and {Antoja}, T. and {Audard}, M. and {Baines}, D. and {Baker}, S.~G. and {Balaguer-N{\'u}{\~n}ez}, L. and {Balbinot}, E. and {Balog}, Z. and {Barache}, C. and {Barbato}, D. and {Barros}, M. and {Barstow}, M.~A. and {Bartolom{\'e}}, S. and {Bassilana}, J. -L. and {Bauchet}, N. and {Baudesson-Stella}, A. and {Becciani}, U. and {Bellazzini}, M. and {Bernet}, M. and {Bertone}, S. and {Bianchi}, L. and {Blanco-Cuaresma}, S. and {Boch}, T. and {Bombrun}, A. and {Bossini}, D. and {Bouquillon}, S. and {Bragaglia}, A. and {Bramante}, L. and {Breedt}, E. and {Bressan}, A. and {Brouillet}, N. and {Bucciarelli}, B. and {Burlacu}, A. and {Busonero}, D. and {Butkevich}, A.~G. and {Buzzi}, R. and {Caffau}, E. and {Cancelliere}, R. and {C{\'a}novas}, H. and {Cantat-Gaudin}, T. and {Carballo}, R. and {Carlucci}, T. and {Carnerero}, M.~I. and {Carrasco}, J.~M. and {Casamiquela}, L. and {Castellani}, M. and {Castro-Ginard}, A. and {Castro Sampol}, P. and {Chaoul}, L. and {Charlot}, P. and {Chemin}, L. and {Chiavassa}, A. and {Cioni}, M. -R.~L. and {Comoretto}, G. and {Cooper}, W.~J. and {Cornez}, T. and {Cowell}, S. and {Crifo}, F. and {Crosta}, M. and {Crowley}, C. and {Dafonte}, C. and {Dapergolas}, A. and {David}, M. and {David}, P. and {de Laverny}, P. and {De Luise}, F. and {De March}, R. and {De Ridder}, J. and {de Souza}, R. and {de Teodoro}, P. and {de Torres}, A. and {del Peloso}, E.~F. and {del Pozo}, E. and {Delbo}, M. and {Delgado}, A. and {Delgado}, H.~E. and {Delisle}, J. -B. and {Di Matteo}, P. and {Diakite}, S. and {Diener}, C. and {Distefano}, E. and {Dolding}, C. and {Eappachen}, D. and {Edvardsson}, B. and {Enke}, H. and {Esquej}, P. and {Fabre}, C. and {Fabrizio}, M. and {Faigler}, S. and {Fedorets}, G. and {Fernique}, P. and {Fienga}, A. and {Figueras}, F. and {Fouron}, C. and {Fragkoudi}, F. and {Fraile}, E. and {Franke}, F. and {Gai}, M. and {Garabato}, D. and {Garcia-Gutierrez}, A. and {Garc{\'\i}a-Torres}, M. and {Garofalo}, A. and {Gavras}, P. and {Gerlach}, E. and {Geyer}, R. and {Giacobbe}, P. and {Gilmore}, G. and {Girona}, S. and {Giuffrida}, G. and {Gomel}, R. and {Gomez}, A. and {Gonzalez-Santamaria}, I. and {Gonz{\'a}lez-Vidal}, J.~J. and {Granvik}, M. and {Guti{\'e}rrez-S{\'a}nchez}, R. and {Guy}, L.~P. and {Hauser}, M. and {Haywood}, M. and {Helmi}, A. and {Hidalgo}, S.~L. and {Hilger}, T. and {H{\l}adczuk}, N. and {Hobbs}, D. and {Holland}, G. and {Huckle}, H.~E. and {Jasniewicz}, G. and {Jonker}, P.~G. and {Juaristi Campillo}, J. and {Julbe}, F. and {Karbevska}, L. and {Kervella}, P. and {Khanna}, S. and {Kochoska}, A. and {Kontizas}, M. and {Kordopatis}, G. and {Korn}, A.~J. and {Kostrzewa-Rutkowska}, Z. and {Kruszy{\'n}ska}, K. and {Lambert}, S. and {Lanza}, A.~F. and {Lasne}, Y. and {Le Campion}, J. -F. and {Le Fustec}, Y. and {Lebreton}, Y. and {Lebzelter}, T. and {Leccia}, S. and {Leclerc}, N. and {Lecoeur-Taibi}, I. and {Liao}, S. and {Licata}, E. and {Lindstr{\o}m}, E.~P. and {Lister}, T.~A. and {Livanou}, E. and {Lobel}, A. and {Madrero Pardo}, P. and {Managau}, S. and {Mann}, R.~G. and {Marchant}, J.~M. and {Marconi}, M. and {Marcos Santos}, M.~M.~S. and {Marinoni}, S. and {Marocco}, F. and {Marshall}, D.~J. and {Martin Polo}, L. and {Mart{\'\i}n-Fleitas}, J.~M. and {Masip}, A. and {Massari}, D. and {Mastrobuono-Battisti}, A. and {Mazeh}, T. and {McMillan}, P.~J. and {Messina}, S. and {Michalik}, D. and {Millar}, N.~R. and {Mints}, A. and {Molina}, D. and {Molinaro}, R. and {Moln{\'a}r}, L. and {Montegriffo}, P. and {Mor}, R. and {Morbidelli}, R. and {Morel}, T. and {Morris}, D. and {Mulone}, A.~F. and {Munoz}, D. and {Muraveva}, T. and {Murphy}, C.~P. and {Musella}, I. and {Noval}, L. and {Ord{\'e}novic}, C. and {Orr{\`u}}, G. and {Osinde}, J. and {Pagani}, C. and {Pagano}, I. and {Palaversa}, L. and {Palicio}, P.~A. and {Panahi}, A. and {Pawlak}, M. and {Pe{\~n}alosa Esteller}, X. and {Penttil{\"a}}, A. and {Piersimoni}, A.~M. and {Pineau}, F. -X. and {Plachy}, E. and {Plum}, G. and {Poggio}, E. and {Poretti}, E. and {Poujoulet}, E. and {Pr{\v{s}}a}, A. and {Pulone}, L. and {Racero}, E. and {Ragaini}, S. and {Rainer}, M. and {Raiteri}, C.~M. and {Rambaux}, N. and {Ramos}, P. and {Ramos-Lerate}, M. and {Re Fiorentin}, P. and {Regibo}, S. and {Reyl{\'e}}, C. and {Ripepi}, V. and {Riva}, A. and {Rixon}, G. and {Robichon}, N. and {Robin}, C. and {Roelens}, M. and {Rohrbasser}, L. and {Romero-G{\'o}mez}, M. and {Rowell}, N. and {Royer}, F. and {Rybicki}, K.~A. and {Sadowski}, G. and {Sagrist{\`a} Sell{\'e}s}, A. and {Sahlmann}, J. and {Salgado}, J. and {Salguero}, E. and {Samaras}, N. and {Sanchez Gimenez}, V. and {Sanna}, N. and {Santove{\~n}a}, R. and {Sarasso}, M. and {Schultheis}, M. and {Sciacca}, E. and {Segol}, M. and {Segovia}, J.~C. and {S{\'e}gransan}, D. and {Semeux}, D. and {Shahaf}, S. and {Siddiqui}, H.~I. and {Siebert}, A. and {Siltala}, L. and {Slezak}, E. and {Smart}, R.~L. and {Solano}, E. and {Solitro}, F. and {Souami}, D. and {Souchay}, J. and {Spagna}, A. and {Spoto}, F. and {Steele}, I.~A. and {Steidelm{\"u}ller}, H. and {Stephenson}, C.~A. and {S{\"u}veges}, M. and {Szabados}, L. and {Szegedi-Elek}, E. and {Taris}, F. and {Tauran}, G. and {Taylor}, M.~B. and {Teixeira}, R. and {Thuillot}, W. and {Tonello}, N. and {Torra}, F. and {Torra}, J. and {Turon}, C. and {Unger}, N. and {Vaillant}, M. and {van Dillen}, E. and {Vanel}, O. and {Vecchiato}, A. and {Viala}, Y. and {Vicente}, D. and {Voutsinas}, S. and {Weiler}, M. and {Wevers}, T. and {Wyrzykowski}, {\L}. and {Yoldas}, A. and {Yvard}, P. and {Zhao}, H. and {Zorec}, J. and {Zucker}, S. and {Zurbach}, C. and {Zwitter}, T.},
        title = "{Gaia Early Data Release 3. Summary of the contents and survey properties}",
      journal = {\aap},
     keywords = {catalogs, astrometry, parallaxes, proper motions, techniques: photometric, techniques: radial velocities, Astrophysics - Astrophysics of Galaxies},
         year = 2021,
        month = may,
       volume = {649},
          eid = {A1},
        pages = {A1},
          doi = {10.1051/0004-6361/202039657},
archivePrefix = {arXiv},
       eprint = {2012.01533},
 primaryClass = {astro-ph.GA},
       adsurl = {https://ui.adsabs.harvard.edu/abs/2021A&A...649A...1G},
      adsnote = {Provided by the SAO/NASA Astrophysics Data System}
}


@BOOK{2003tmc..book.....C,
       author = {{Cutri}, R.~M. and {Skrutskie}, M.~F. and {van Dyk}, S. and {Beichman}, C.~A. and {Carpenter}, J.~M. and {Chester}, T. and {Cambresy}, L. and {Evans}, T. and {Fowler}, J. and {Gizis}, J. and {Howard}, E. and {Huchra}, J. and {Jarrett}, T. and {Kopan}, E.~L. and {Kirkpatrick}, J.~D. and {Light}, R.~M. and {Marsh}, K.~A. and {McCallon}, H. and {Schneider}, S. and {Stiening}, R. and {Sykes}, M. and {Weinberg}, M. and {Wheaton}, W.~A. and {Wheelock}, S. and {Zacarias}, N.},
        title = "{2MASS All Sky Catalog of point sources.}",
         year = 2003,
       adsurl = {https://ui.adsabs.harvard.edu/abs/2003tmc..book.....C},
      adsnote = {Provided by the SAO/NASA Astrophysics Data System}
}

@INPROCEEDINGS{2018csss.confE..59S,
       author = {{Sabin}, Laurence and {G{\'o}mez Maqueo Chew}, Yilen and {Demory}, Brice-Olivier and {Petrucci}, Romina and {Saint-Ex Consortium}},
        title = "{SAINT-EX: Searching for exoplanets from the San Pedro M{\'a}rtir Observatory}",
     keywords = {Exoplanets, Ultra-cool stars, Telescope, Photometry, Zenodo community cs20},
    booktitle = {20th Cambridge Workshop on Cool Stars, Stellar Systems and the Sun},
         year = 2018,
       series = {Cambridge Workshop on Cool Stars, Stellar Systems, and the Sun},
        month = jul,
          eid = {59},
        pages = {59},
          doi = {10.5281/zenodo.1479857},
       adsurl = {https://ui.adsabs.harvard.edu/abs/2018csss.confE..59S},
      adsnote = {Provided by the SAO/NASA Astrophysics Data System}
}

@ARTICLE{2021arXiv211101749S,
       author = {{Schanche}, N. and {Pozuelos}, F.~J. and {G{\"u}nther}, M.~N. and {Wells}, R.~D. and {Burgasser}, A.~J. and {Chinchilla}, P. and {Delrez}, L. and {Ducrot}, E. and {Garcia}, L.~J. and {G{\'o}mez Maqueo Chew}, Y. and {Jofr{\'e}}, E. and {Rackham}, B.~V. and {Sebastian}, D. and {Stassun}, K.~G. and {Stern}, D. and {Timmermans}, M. and {Barkaoui}, K. and {Belinski}, A. and {Benkhaldoun}, Z. and {Benz}, W. and {Charbonneau}, D. and {Christiansen}, Jessie L. and {Collins}, Karen A. and {Demory}, B. -O. and {D{\'e}vora-Pajares}, M. and {de Wit}, J. and {Dragomir}, D. and {Dransfield}, G. and {Furlan}, E. and {Ghachou}, M. and {Gillon}, M. and {Gnilka}, C. and {G{\'o}mez-Mu{\~n}oz}, M.~A. and {Guerrero}, N. and {Harris}, M. and {Heng}, K. and {Henze}, C.~E. and {Hesse}, K. and {Howell}, S.~B. and {Jehin}, E. and {Jenkins}, J. and {Jensen}, Eric L.~N. and {Kunimoto}, M. and {Latham}, D.~W. and {Lester}, K. and {McLeod}, Kim K. and {Mireles}, I. and {Murray}, C.~A. and {Niraula}, P. and {Pedersen}, P.~P. and {Queloz}, D. and {Quintana}, E.~V. and {Ricker}, G. and {Rudat}, A. and {Sabin}, L. and {Safonov}, B. and {Schroffenegger}, U. and {Scott}, N. and {Seager}, S. and {Strakhov}, I. and {Triaud}, A.~H.~M.~J. and {Vanderspek}, R. and {Vezie}, M. and {Winn}, J.},
        title = "{TOI-2257 b: A highly eccentric long-period sub-Neptune transiting a nearby M dwarf}",
      journal = {arXiv e-prints},
     keywords = {Astrophysics - Earth and Planetary Astrophysics},
         year = 2021,
        month = nov,
          eid = {arXiv:2111.01749},
        pages = {arXiv:2111.01749},
archivePrefix = {arXiv},
       eprint = {2111.01749},
 primaryClass = {astro-ph.EP},
       adsurl = {https://ui.adsabs.harvard.edu/abs/2021arXiv211101749S},
      adsnote = {Provided by the SAO/NASA Astrophysics Data System}
}

@ARTICLE{2019arXiv191107355S,
       author = {{Santerne}, A. and {Malavolta}, L. and {Kosiarek}, M.~R. and {Dai}, F. and {Dressing}, C.~D. and {Dumusque}, X. and {Hara}, N.~C. and {Lopez}, T.~A. and {Mortier}, A. and {Vanderburg}, A. and {Adibekyan}, V. and {Armstrong}, D.~J. and {Barrado}, D. and {Barros}, S.~C.~C. and {Bayliss}, D. and {Berardo}, D. and {Boisse}, I. and {Bonomo}, A.~S. and {Bouchy}, F. and {Brown}, D.~J.~A. and {Buchhave}, L.~A. and {Butler}, R.~P. and {Collier Cameron}, A. and {Cosentino}, R. and {Crane}, J.~D. and {Crossfield}, I.~J.~M. and {Damasso}, M. and {Deleuil}, M.~R. and {Delgado Mena}, E. and {Demangeon}, O. and {D{\'\i}az}, R.~F. and {Donati}, J. -F. and {Figueira}, P. and {Fulton}, B.~J. and {Ghedina}, A. and {Harutyunyan}, A. and {H{\'e}brard}, G. and {Hirsch}, L.~A. and {Hojjatpanah}, S. and {Howard}, A.~W. and {Isaacson}, H. and {Latham}, D.~W. and {Lillo-Box}, J. and {L{\'o}pez-Morales}, M. and {Lovis}, C. and {Martinez Fiorenzano}, A.~F. and {Molinari}, E. and {Mousis}, O. and {Moutou}, C. and {Nava}, C. and {Nielsen}, L.~D. and {Osborn}, H.~P. and {Petigura}, E.~A. and {Phillips}, D.~F. and {Pollacco}, D.~L. and {Poretti}, E. and {Rice}, K. and {Santos}, N.~C. and {S{\'e}gransan}, D. and {Shectman}, S.~A. and {Sinukoff}, E. and {Sousa}, S.~G. and {Sozzetti}, A. and {Teske}, J.~K. and {Udry}, S. and {Vigan}, A. and {Wang}, S.~X. and {Watson}, C.~A. and {Weiss}, L.~M. and {Wheatley}, P.~J. and {Winn}, J.~N.},
        title = "{An extremely low-density and temperate giant exoplanet}",
      journal = {arXiv e-prints},
     keywords = {Astrophysics - Earth and Planetary Astrophysics},
         year = 2019,
        month = nov,
          eid = {arXiv:1911.07355},
        pages = {arXiv:1911.07355},
archivePrefix = {arXiv},
       eprint = {1911.07355},
 primaryClass = {astro-ph.EP},
       adsurl = {https://ui.adsabs.harvard.edu/abs/2019arXiv191107355S},
      adsnote = {Provided by the SAO/NASA Astrophysics Data System}
}

@ARTICLE{2021MNRAS.504L..45B,
       author = {{Bryant}, Edward M. and {Bayliss}, Daniel and {Santerne}, Alexandre and {Wheatley}, Peter J. and {Nascimbeni}, Valerio and {Ducrot}, Elsa and {Burdanov}, Artem and {Acton}, Jack S. and {Alves}, Douglas R. and {Anderson}, David R. and {Armstrong}, David J. and {Awiphan}, Supachai and {Cooke}, Benjamin F. and {Burleigh}, Matthew R. and {Casewell}, Sarah L. and {Delrez}, Laetitia and {Demory}, Brice-Olivier and {Eigm{\"u}ller}, Philipp and {Fukui}, Akihiko and {Gan}, Tianjun and {Gill}, Samuel and {Gillon}, Michael and {Goad}, Michael R. and {Tan}, Thiam-Guan and {G{\"u}nther}, Maximilian N. and {Hardee}, Bronwen and {Henderson}, Beth A. and {Jehin}, Emmanuel and {Jenkins}, James S. and {Kosiarek}, Molly and {Lendl}, Monika and {Moyano}, Maximiliano and {Murray}, Catriona A. and {Narita}, Norio and {Niraula}, Prajwal and {Odden}, Caroline E. and {Palle}, Enric and {Parviainen}, Hannu and {Pedersen}, Peter P. and {Pozuelos}, Francisco J. and {Rackham}, Benjamin V. and {Sebastian}, Daniel and {Stockdale}, Chris and {Tilbrook}, Rosanna H. and {Thompson}, Samantha J. and {Triaud}, Amaury H.~M.~J. and {Udry}, St{\'e}phane and {Vines}, Jose I. and {West}, Richard G. and {de Wit}, Julien},
        title = "{A transit timing variation observed for the long-period extremely low-density exoplanet HIP 41378 f}",
      journal = {\mnras},
     keywords = {techniques: photometric, planets and satellites: detection, planets and satellites: individual: HIP 41378 f, stars: individual: HIP 41378, Astrophysics - Earth and Planetary Astrophysics},
         year = 2021,
        month = jun,
       volume = {504},
       number = {1},
        pages = {L45-L50},
          doi = {10.1093/mnrasl/slab037},
archivePrefix = {arXiv},
       eprint = {2104.03159},
 primaryClass = {astro-ph.EP},
       adsurl = {https://ui.adsabs.harvard.edu/abs/2021MNRAS.504L..45B},
      adsnote = {Provided by the SAO/NASA Astrophysics Data System}
}
@ARTICLE{2020AJ....159...93D,
       author = {{Dholakia}, S. and {Dholakia}, S. and {Mayo}, Andrew W. and {Dressing}, Courtney D.},
        title = "{Constraining Orbital Periods from Nonconsecutive Observations: Period Estimates for Long-period Planets in Six Systems Observed by K2 During Multiple Campaigns}",
      journal = {\aj},
     keywords = {498, 489, 486, 490, 1211, 1709, 1711, Astrophysics - Earth and Planetary Astrophysics, Astrophysics - Instrumentation and Methods for Astrophysics, Astrophysics - Solar and Stellar Astrophysics},
         year = 2020,
        month = mar,
       volume = {159},
       number = {3},
          eid = {93},
        pages = {93},
          doi = {10.3847/1538-3881/ab594c},
archivePrefix = {arXiv},
       eprint = {1912.04287},
 primaryClass = {astro-ph.EP},
       adsurl = {https://ui.adsabs.harvard.edu/abs/2020AJ....159...93D},
      adsnote = {Provided by the SAO/NASA Astrophysics Data System}
}


@INPROCEEDINGS{2020SPIE11447E..5KN,
       author = {{Narita}, Norio and {Fukui}, Akihiko and {Yamamuro}, Tomoyasu and {Harbeck}, Daniel and {Bowman}, Mark and {Elphick}, Mark and {Nation}, Jon and {Armstrong}, J.~D. and {Han}, Jacqueline and {Abe}, Shunichi and {Ikoma}, Masahiro and {Isogai}, Keisuke and {Kawauchi}, Kiyoe and {Kurita}, Seiya and {Kusakabe}, Nobuhiko and {de Leon}, Jerome and {Livingston}, John and {Mori}, Mayuko and {Nishiumi}, Taku and {Tamura}, Motohide and {Watanabe}, Noriharu and {Volgenau}, Nikolaus and {Heinrich-Josties}, Elisabeth and {Foale}, Steve and {Daily}, Matt and {McCully}, Curtis and {Kirby}, Annie and {Smith}, Cary and {Haworth}, Brian and {Conway}, Patrick and {Storrie-Lombardi}, Lisa and {Rosing}, Wayne and {Chatelain}, Joey and {Bachelet}, Etienne and {Johnson}, Marshall and {Rabus}, Markus},
        title = "{MuSCAT3: a 4-color simultaneous camera for the 2m Faulkes Telescope North}",
    booktitle = {Society of Photo-Optical Instrumentation Engineers (SPIE) Conference Series},
         year = 2020,
       series = {Society of Photo-Optical Instrumentation Engineers (SPIE) Conference Series},
       volume = {11447},
        month = dec,
          eid = {114475K},
        pages = {114475K},
          doi = {10.1117/12.2559947},
       adsurl = {https://ui.adsabs.harvard.edu/abs/2020SPIE11447E..5KN},
      adsnote = {Provided by the SAO/NASA Astrophysics Data System}
}





@ARTICLE{Blackwell1977,
       author = {{Blackwell}, D.~E. and {Shallis}, M.~J.},
        title = "{Stellar angular diameters from infrared photometry. Application to Arcturus and other stars; with effective temperatures.}",
      journal = {\mnras},
     keywords = {Astronomical Photometry, Giant Stars, Infrared Astronomy, Infrared Photometry, Stellar Spectrophotometry, Stellar Temperature, Angular Resolution, Diameters, Early Stars, Interferometry, K Stars, Luminous Intensity, Astrophysics},
         year = 1977,
        month = jul,
       volume = {180},
        pages = {177-191},
          doi = {10.1093/mnras/180.2.177},
       adsurl = {https://ui.adsabs.harvard.edu/abs/1977MNRAS.180..177B},
      adsnote = {Provided by the SAO/NASA Astrophysics Data System}
}

@INPROCEEDINGS{Castelli2003,
       author = {{Castelli}, F. and {Kurucz}, R.~L.},
        title = "{New Grids of ATLAS9 Model Atmospheres}",
     keywords = {Astrophysics},
    booktitle = {Modelling of Stellar Atmospheres},
         year = 2003,
       editor = {{Piskunov}, N. and {Weiss}, W.~W. and {Gray}, D.~F.},
       series = {IAU Symposium},
       volume = {210},
        month = jan,
        pages = {A20},
archivePrefix = {arXiv},
       eprint = {astro-ph/0405087},
 primaryClass = {astro-ph},
       adsurl = {https://ui.adsabs.harvard.edu/abs/2003IAUS..210P.A20C},
      adsnote = {Provided by the SAO/NASA Astrophysics Data System}
}

@ARTICLE{GaiaCollaboration2021,
       author = {{Gaia Collaboration} and {Brown}, A.~G.~A. and {Vallenari}, A. and {Prusti}, T. and {de Bruijne}, J.~H.~J. and {Babusiaux}, C. and {Biermann}, M. and {Creevey}, O.~L. and {Evans}, D.~W. and {Eyer}, L. and {Hutton}, A. and {Jansen}, F. and {Jordi}, C. and {Klioner}, S.~A. and {Lammers}, U. and {Lindegren}, L. and {Luri}, X. and {Mignard}, F. and {Panem}, C. and {Pourbaix}, D. and {Randich}, S. and {Sartoretti}, P. and {Soubiran}, C. and {Walton}, N.~A. and {Arenou}, F. and {Bailer-Jones}, C.~A.~L. and {Bastian}, U. and {Cropper}, M. and {Drimmel}, R. and {Katz}, D. and {Lattanzi}, M.~G. and {van Leeuwen}, F. and {Bakker}, J. and {Cacciari}, C. and {Casta{\~n}eda}, J. and {De Angeli}, F. and {Ducourant}, C. and {Fabricius}, C. and {Fouesneau}, M. and {Fr{\'e}mat}, Y. and {Guerra}, R. and {Guerrier}, A. and {Guiraud}, J. and {Jean-Antoine Piccolo}, A. and {Masana}, E. and {Messineo}, R. and {Mowlavi}, N. and {Nicolas}, C. and {Nienartowicz}, K. and {Pailler}, F. and {Panuzzo}, P. and {Riclet}, F. and {Roux}, W. and {Seabroke}, G.~M. and {Sordo}, R. and {Tanga}, P. and {Th{\'e}venin}, F. and {Gracia-Abril}, G. and {Portell}, J. and {Teyssier}, D. and {Altmann}, M. and {Andrae}, R. and {Bellas-Velidis}, I. and {Benson}, K. and {Berthier}, J. and {Blomme}, R. and {Brugaletta}, E. and {Burgess}, P.~W. and {Busso}, G. and {Carry}, B. and {Cellino}, A. and {Cheek}, N. and {Clementini}, G. and {Damerdji}, Y. and {Davidson}, M. and {Delchambre}, L. and {Dell'Oro}, A. and {Fern{\'a}ndez-Hern{\'a}ndez}, J. and {Galluccio}, L. and {Garc{\'\i}a-Lario}, P. and {Garcia-Reinaldos}, M. and {Gonz{\'a}lez-N{\'u}{\~n}ez}, J. and {Gosset}, E. and {Haigron}, R. and {Halbwachs}, J. -L. and {Hambly}, N.~C. and {Harrison}, D.~L. and {Hatzidimitriou}, D. and {Heiter}, U. and {Hern{\'a}ndez}, J. and {Hestroffer}, D. and {Hodgkin}, S.~T. and {Holl}, B. and {Jan{\ss}en}, K. and {Jevardat de Fombelle}, G. and {Jordan}, S. and {Krone-Martins}, A. and {Lanzafame}, A.~C. and {L{\"o}ffler}, W. and {Lorca}, A. and {Manteiga}, M. and {Marchal}, O. and {Marrese}, P.~M. and {Moitinho}, A. and {Mora}, A. and {Muinonen}, K. and {Osborne}, P. and {Pancino}, E. and {Pauwels}, T. and {Petit}, J. -M. and {Recio-Blanco}, A. and {Richards}, P.~J. and {Riello}, M. and {Rimoldini}, L. and {Robin}, A.~C. and {Roegiers}, T. and {Rybizki}, J. and {Sarro}, L.~M. and {Siopis}, C. and {Smith}, M. and {Sozzetti}, A. and {Ulla}, A. and {Utrilla}, E. and {van Leeuwen}, M. and {van Reeven}, W. and {Abbas}, U. and {Abreu Aramburu}, A. and {Accart}, S. and {Aerts}, C. and {Aguado}, J.~J. and {Ajaj}, M. and {Altavilla}, G. and {{\'A}lvarez}, M.~A. and {{\'A}lvarez Cid-Fuentes}, J. and {Alves}, J. and {Anderson}, R.~I. and {Anglada Varela}, E. and {Antoja}, T. and {Audard}, M. and {Baines}, D. and {Baker}, S.~G. and {Balaguer-N{\'u}{\~n}ez}, L. and {Balbinot}, E. and {Balog}, Z. and {Barache}, C. and {Barbato}, D. and {Barros}, M. and {Barstow}, M.~A. and {Bartolom{\'e}}, S. and {Bassilana}, J. -L. and {Bauchet}, N. and {Baudesson-Stella}, A. and {Becciani}, U. and {Bellazzini}, M. and {Bernet}, M. and {Bertone}, S. and {Bianchi}, L. and {Blanco-Cuaresma}, S. and {Boch}, T. and {Bombrun}, A. and {Bossini}, D. and {Bouquillon}, S. and {Bragaglia}, A. and {Bramante}, L. and {Breedt}, E. and {Bressan}, A. and {Brouillet}, N. and {Bucciarelli}, B. and {Burlacu}, A. and {Busonero}, D. and {Butkevich}, A.~G. and {Buzzi}, R. and {Caffau}, E. and {Cancelliere}, R. and {C{\'a}novas}, H. and {Cantat-Gaudin}, T. and {Carballo}, R. and {Carlucci}, T. and {Carnerero}, M.~I. and {Carrasco}, J.~M. and {Casamiquela}, L. and {Castellani}, M. and {Castro-Ginard}, A. and {Castro Sampol}, P. and {Chaoul}, L. and {Charlot}, P. and {Chemin}, L. and {Chiavassa}, A. and {Cioni}, M. -R.~L. and {Comoretto}, G. and {Cooper}, W.~J. and {Cornez}, T. and {Cowell}, S. and {Crifo}, F. and {Crosta}, M. and {Crowley}, C. and {Dafonte}, C. and {Dapergolas}, A. and {David}, M. and {David}, P. and {de Laverny}, P. and {De Luise}, F. and {De March}, R. and {De Ridder}, J. and {de Souza}, R. and {de Teodoro}, P. and {de Torres}, A. and {del Peloso}, E.~F. and {del Pozo}, E. and {Delbo}, M. and {Delgado}, A. and {Delgado}, H.~E. and {Delisle}, J. -B. and {Di Matteo}, P. and {Diakite}, S. and {Diener}, C. and {Distefano}, E. and {Dolding}, C. and {Eappachen}, D. and {Edvardsson}, B. and {Enke}, H. and {Esquej}, P. and {Fabre}, C. and {Fabrizio}, M. and {Faigler}, S. and {Fedorets}, G. and {Fernique}, P. and {Fienga}, A. and {Figueras}, F. and {Fouron}, C. and {Fragkoudi}, F. and {Fraile}, E. and {Franke}, F. and {Gai}, M. and {Garabato}, D. and {Garcia-Gutierrez}, A. and {Garc{\'\i}a-Torres}, M. and {Garofalo}, A. and {Gavras}, P. and {Gerlach}, E. and {Geyer}, R. and {Giacobbe}, P. and {Gilmore}, G. and {Girona}, S. and {Giuffrida}, G. and {Gomel}, R. and {Gomez}, A. and {Gonzalez-Santamaria}, I. and {Gonz{\'a}lez-Vidal}, J.~J. and {Granvik}, M. and {Guti{\'e}rrez-S{\'a}nchez}, R. and {Guy}, L.~P. and {Hauser}, M. and {Haywood}, M. and {Helmi}, A. and {Hidalgo}, S.~L. and {Hilger}, T. and {H{\l}adczuk}, N. and {Hobbs}, D. and {Holland}, G. and {Huckle}, H.~E. and {Jasniewicz}, G. and {Jonker}, P.~G. and {Juaristi Campillo}, J. and {Julbe}, F. and {Karbevska}, L. and {Kervella}, P. and {Khanna}, S. and {Kochoska}, A. and {Kontizas}, M. and {Kordopatis}, G. and {Korn}, A.~J. and {Kostrzewa-Rutkowska}, Z. and {Kruszy{\'n}ska}, K. and {Lambert}, S. and {Lanza}, A.~F. and {Lasne}, Y. and {Le Campion}, J. -F. and {Le Fustec}, Y. and {Lebreton}, Y. and {Lebzelter}, T. and {Leccia}, S. and {Leclerc}, N. and {Lecoeur-Taibi}, I. and {Liao}, S. and {Licata}, E. and {Lindstr{\o}m}, E.~P. and {Lister}, T.~A. and {Livanou}, E. and {Lobel}, A. and {Madrero Pardo}, P. and {Managau}, S. and {Mann}, R.~G. and {Marchant}, J.~M. and {Marconi}, M. and {Marcos Santos}, M.~M.~S. and {Marinoni}, S. and {Marocco}, F. and {Marshall}, D.~J. and {Martin Polo}, L. and {Mart{\'\i}n-Fleitas}, J.~M. and {Masip}, A. and {Massari}, D. and {Mastrobuono-Battisti}, A. and {Mazeh}, T. and {McMillan}, P.~J. and {Messina}, S. and {Michalik}, D. and {Millar}, N.~R. and {Mints}, A. and {Molina}, D. and {Molinaro}, R. and {Moln{\'a}r}, L. and {Montegriffo}, P. and {Mor}, R. and {Morbidelli}, R. and {Morel}, T. and {Morris}, D. and {Mulone}, A.~F. and {Munoz}, D. and {Muraveva}, T. and {Murphy}, C.~P. and {Musella}, I. and {Noval}, L. and {Ord{\'e}novic}, C. and {Orr{\`u}}, G. and {Osinde}, J. and {Pagani}, C. and {Pagano}, I. and {Palaversa}, L. and {Palicio}, P.~A. and {Panahi}, A. and {Pawlak}, M. and {Pe{\~n}alosa Esteller}, X. and {Penttil{\"a}}, A. and {Piersimoni}, A.~M. and {Pineau}, F. -X. and {Plachy}, E. and {Plum}, G. and {Poggio}, E. and {Poretti}, E. and {Poujoulet}, E. and {Pr{\v{s}}a}, A. and {Pulone}, L. and {Racero}, E. and {Ragaini}, S. and {Rainer}, M. and {Raiteri}, C.~M. and {Rambaux}, N. and {Ramos}, P. and {Ramos-Lerate}, M. and {Re Fiorentin}, P. and {Regibo}, S. and {Reyl{\'e}}, C. and {Ripepi}, V. and {Riva}, A. and {Rixon}, G. and {Robichon}, N. and {Robin}, C. and {Roelens}, M. and {Rohrbasser}, L. and {Romero-G{\'o}mez}, M. and {Rowell}, N. and {Royer}, F. and {Rybicki}, K.~A. and {Sadowski}, G. and {Sagrist{\`a} Sell{\'e}s}, A. and {Sahlmann}, J. and {Salgado}, J. and {Salguero}, E. and {Samaras}, N. and {Sanchez Gimenez}, V. and {Sanna}, N. and {Santove{\~n}a}, R. and {Sarasso}, M. and {Schultheis}, M. and {Sciacca}, E. and {Segol}, M. and {Segovia}, J.~C. and {S{\'e}gransan}, D. and {Semeux}, D. and {Shahaf}, S. and {Siddiqui}, H.~I. and {Siebert}, A. and {Siltala}, L. and {Slezak}, E. and {Smart}, R.~L. and {Solano}, E. and {Solitro}, F. and {Souami}, D. and {Souchay}, J. and {Spagna}, A. and {Spoto}, F. and {Steele}, I.~A. and {Steidelm{\"u}ller}, H. and {Stephenson}, C.~A. and {S{\"u}veges}, M. and {Szabados}, L. and {Szegedi-Elek}, E. and {Taris}, F. and {Tauran}, G. and {Taylor}, M.~B. and {Teixeira}, R. and {Thuillot}, W. and {Tonello}, N. and {Torra}, F. and {Torra}, J. and {Turon}, C. and {Unger}, N. and {Vaillant}, M. and {van Dillen}, E. and {Vanel}, O. and {Vecchiato}, A. and {Viala}, Y. and {Vicente}, D. and {Voutsinas}, S. and {Weiler}, M. and {Wevers}, T. and {Wyrzykowski}, {\L}. and {Yoldas}, A. and {Yvard}, P. and {Zhao}, H. and {Zorec}, J. and {Zucker}, S. and {Zurbach}, C. and {Zwitter}, T.},
        title = "{Gaia Early Data Release 3. Summary of the contents and survey properties}",
      journal = {\aap},
     keywords = {catalogs, astrometry, parallaxes, proper motions, techniques: photometric, techniques: radial velocities, Astrophysics - Astrophysics of Galaxies},
         year = 2021,
        month = may,
       volume = {649},
          eid = {A1},
        pages = {A1},
          doi = {10.1051/0004-6361/202039657},
archivePrefix = {arXiv},
       eprint = {2012.01533},
 primaryClass = {astro-ph.GA},
       adsurl = {https://ui.adsabs.harvard.edu/abs/2021A&A...649A...1G},
      adsnote = {Provided by the SAO/NASA Astrophysics Data System}
}

@BOOK{Kurucz1993,
       author = {{Kurucz}, Robert L.},
        title = "{SYNTHE spectrum synthesis programs and line data}",
   publisher = {Astrophysics Source Code Library},
         year = 1993,
       adsurl = {https://ui.adsabs.harvard.edu/abs/1993sssp.book.....K},
      adsnote = {Provided by the SAO/NASA Astrophysics Data System}
}

@ARTICLE{Lindegren2021,
       author = {{Lindegren}, L. and {Bastian}, U. and {Biermann}, M. and {Bombrun}, A. and {de Torres}, A. and {Gerlach}, E. and {Geyer}, R. and {Hern{\'a}ndez}, J. and {Hilger}, T. and {Hobbs}, D. and {Klioner}, S.~A. and {Lammers}, U. and {McMillan}, P.~J. and {Ramos-Lerate}, M. and {Steidelm{\"u}ller}, H. and {Stephenson}, C.~A. and {van Leeuwen}, F.},
        title = "{Gaia Early Data Release 3. Parallax bias versus magnitude, colour, and position}",
      journal = {\aap},
     keywords = {astrometry, parallaxes, methods: data analysis, space vehicles: instruments, stars: distances, Astrophysics - Instrumentation and Methods for Astrophysics},
         year = 2021,
        month = may,
       volume = {649},
          eid = {A4},
        pages = {A4},
          doi = {10.1051/0004-6361/202039653},
archivePrefix = {arXiv},
       eprint = {2012.01742},
 primaryClass = {astro-ph.IM},
       adsurl = {https://ui.adsabs.harvard.edu/abs/2021A&A...649A...4L},
      adsnote = {Provided by the SAO/NASA Astrophysics Data System}
}

@ARTICLE{Schanche2020,
       author = {{Schanche}, N. and {H{\'e}brard}, G. and {Collier Cameron}, A. and {Dalal}, S. and {Smalley}, B. and {Wilson}, T.~G. and {Boisse}, I. and {Bouchy}, F. and {Brown}, D.~J.~A. and {Demangeon}, O. and {Haswell}, C.~A. and {Hellier}, C. and {Kolb}, U.~C. and {Lopez}, T. and {Maxted}, P.~F.~L. and {Pollacco}, D.~L. and {West}, R.~G. and {Wheatley}, P.~J.},
        title = "{WASP-186 and WASP-187: two hot Jupiters discovered by SuperWASP and SOPHIE with additional observations by TESS}",
      journal = {\mnras},
     keywords = {planets and satellites: detection, planets and satellites: individual: WASP-186b, planets and satellites: individual: WASP-187b, Astrophysics - Earth and Planetary Astrophysics},
         year = 2020,
        month = nov,
       volume = {499},
       number = {1},
        pages = {428-440},
          doi = {10.1093/mnras/staa2848},
archivePrefix = {arXiv},
       eprint = {2010.15205},
 primaryClass = {astro-ph.EP},
       adsurl = {https://ui.adsabs.harvard.edu/abs/2020MNRAS.499..428S},
      adsnote = {Provided by the SAO/NASA Astrophysics Data System}
}

@ARTICLE{Skrutskie2006,
       author = {{Skrutskie}, M.~F. and {Cutri}, R.~M. and {Stiening}, R. and
         {Weinberg}, M.~D. and {Schneider}, S. and {Carpenter}, J.~M. and
         {Beichman}, C. and {Capps}, R. and {Chester}, T. and {Elias}, J. and
         {Huchra}, J. and {Liebert}, J. and {Lonsdale}, C. and {Monet}, D.~G. and
         {Price}, S. and {Seitzer}, P. and {Jarrett}, T. and
         {Kirkpatrick}, J.~D. and {Gizis}, J.~E. and {Howard}, E. and
         {Evans}, T. and {Fowler}, J. and {Fullmer}, L. and {Hurt}, R. and
         {Light}, R. and {Kopan}, E.~L. and {Marsh}, K.~A. and
         {McCallon}, H.~L. and {Tam}, R. and {Van Dyk}, S. and {Wheelock}, S.},
        title = "{The Two Micron All Sky Survey (2MASS)}",
      journal = {\aj},
     keywords = {Catalogs, Infrared: General, Surveys},
         year = 2006,
        month = feb,
       volume = {131},
       number = {2},
        pages = {1163-1183},
          doi = {10.1086/498708},
       adsurl = {https://ui.adsabs.harvard.edu/abs/2006AJ....131.1163S},
      adsnote = {Provided by the SAO/NASA Astrophysics Data System}
}

@ARTICLE{Wright2010,
       author = {{Wright}, Edward L. and {Eisenhardt}, Peter R.~M. and {Mainzer}, Amy K. and
         {Ressler}, Michael E. and {Cutri}, Roc M. and {Jarrett}, Thomas and
         {Kirkpatrick}, J. Davy and {Padgett}, Deborah and
         {McMillan}, Robert S. and {Skrutskie}, Michael and {Stanford}, S.~A. and
         {Cohen}, Martin and {Walker}, Russell G. and {Mather}, John C. and
         {Leisawitz}, David and {Gautier}, Thomas N., III and {McLean}, Ian and
         {Benford}, Dominic and {Lonsdale}, Carol J. and {Blain}, Andrew and
         {Mendez}, Bryan and {Irace}, William R. and {Duval}, Valerie and
         {Liu}, Fengchuan and {Royer}, Don and {Heinrichsen}, Ingolf and
         {Howard}, Joan and {Shannon}, Mark and {Kendall}, Martha and
         {Walsh}, Amy L. and {Larsen}, Mark and {Cardon}, Joel G. and
         {Schick}, Scott and {Schwalm}, Mark and {Abid}, Mohamed and
         {Fabinsky}, Beth and {Naes}, Larry and {Tsai}, Chao-Wei},
        title = "{The Wide-field Infrared Survey Explorer (WISE): Mission Description and Initial On-orbit Performance}",
      journal = {\aj},
     keywords = {infrared: general, space vehicles, surveys, Astrophysics - Instrumentation and Methods for Astrophysics},
         year = 2010,
        month = dec,
       volume = {140},
       number = {6},
        pages = {1868-1881},
          doi = {10.1088/0004-6256/140/6/1868},
archivePrefix = {arXiv},
       eprint = {1008.0031},
 primaryClass = {astro-ph.IM},
       adsurl = {https://ui.adsabs.harvard.edu/abs/2010AJ....140.1868W},
      adsnote = {Provided by the SAO/NASA Astrophysics Data System}
}

@ARTICLE{2014ApJ...790..146F,
       author = {{Fabrycky}, Daniel C. and {Lissauer}, Jack J. and {Ragozzine}, Darin and {Rowe}, Jason F. and {Steffen}, Jason H. and {Agol}, Eric and {Barclay}, Thomas and {Batalha}, Natalie and {Borucki}, William and {Ciardi}, David R. and {Ford}, Eric B. and {Gautier}, Thomas N. and {Geary}, John C. and {Holman}, Matthew J. and {Jenkins}, Jon M. and {Li}, Jie and {Morehead}, Robert C. and {Morris}, Robert L. and {Shporer}, Avi and {Smith}, Jeffrey C. and {Still}, Martin and {Van Cleve}, Jeffrey},
        title = "{Architecture of Kepler's Multi-transiting Systems. II. New Investigations with Twice as Many Candidates}",
      journal = {\apj},
     keywords = {methods: statistical, planetary systems, planets and satellites: detection, planets and satellites: dynamical evolution and stability, Astrophysics - Earth and Planetary Astrophysics},
         year = 2014,
        month = aug,
       volume = {790},
       number = {2},
          eid = {146},
        pages = {146},
          doi = {10.1088/0004-637X/790/2/146},
archivePrefix = {arXiv},
       eprint = {1202.6328},
 primaryClass = {astro-ph.EP},
       adsurl = {https://ui.adsabs.harvard.edu/abs/2014ApJ...790..146F},
      adsnote = {Provided by the SAO/NASA Astrophysics Data System}
}

@ARTICLE{2019PNAS..116.9723Z,
       author = {{Zeng}, Li and {Jacobsen}, Stein B. and {Sasselov}, Dimitar D. and {Petaev}, Michail I. and {Vanderburg}, Andrew and {Lopez-Morales}, Mercedes and {Perez-Mercader}, Juan and {Mattsson}, Thomas R. and {Li}, Gongjie and {Heising}, Matthew Z. and {Bonomo}, Aldo S. and {Damasso}, Mario and {Berger}, Travis A. and {Cao}, Hao and {Levi}, Amit and {Wordsworth}, Robin D.},
        title = "{Growth model interpretation of planet size distribution}",
      journal = {Proceedings of the National Academy of Science},
     keywords = {Astrophysics - Earth and Planetary Astrophysics, Physics - Geophysics},
         year = 2019,
        month = may,
       volume = {116},
       number = {20},
        pages = {9723-9728},
          doi = {10.1073/pnas.1812905116},
archivePrefix = {arXiv},
       eprint = {1906.04253},
 primaryClass = {astro-ph.EP},
       adsurl = {https://ui.adsabs.harvard.edu/abs/2019PNAS..116.9723Z},
      adsnote = {Provided by the SAO/NASA Astrophysics Data System}
}


@ARTICLE{2018MNRAS.476..759G,
       author = {{Ginzburg}, Sivan and {Schlichting}, Hilke E. and {Sari}, Re'em},
        title = "{Core-powered mass-loss and the radius distribution of small exoplanets}",
      journal = {\mnras},
     keywords = {planets and satellites: atmospheres, planets and satellites: physical evolution, Astrophysics - Earth and Planetary Astrophysics},
         year = 2018,
        month = may,
       volume = {476},
       number = {1},
        pages = {759-765},
          doi = {10.1093/mnras/sty290},
archivePrefix = {arXiv},
       eprint = {1708.01621},
 primaryClass = {astro-ph.EP},
       adsurl = {https://ui.adsabs.harvard.edu/abs/2018MNRAS.476..759G},
      adsnote = {Provided by the SAO/NASA Astrophysics Data System}
}

@ARTICLE{2020AJ....160..108B,
       author = {{Berger}, Travis A. and {Huber}, Daniel and {Gaidos}, Eric and {van Saders}, Jennifer L. and {Weiss}, Lauren M.},
        title = "{The Gaia-Kepler Stellar Properties Catalog. II. Planet Radius Demographics as a Function of Stellar Mass and Age}",
      journal = {\aj},
     keywords = {Super Earths, Habitable planets, Exoplanet catalogs, Planet hosting stars, Exoplanet systems, Exoplanet evolution, Hot Neptunes, Extrasolar gas giants, 1655, 695, 488, 1242, 484, 491, 754, 509, Astrophysics - Earth and Planetary Astrophysics, Astrophysics - Astrophysics of Galaxies, Astrophysics - Solar and Stellar Astrophysics},
         year = 2020,
        month = sep,
       volume = {160},
       number = {3},
          eid = {108},
        pages = {108},
          doi = {10.3847/1538-3881/aba18a},
archivePrefix = {arXiv},
       eprint = {2005.14671},
 primaryClass = {astro-ph.EP},
       adsurl = {https://ui.adsabs.harvard.edu/abs/2020AJ....160..108B},
      adsnote = {Provided by the SAO/NASA Astrophysics Data System}
}

@ARTICLE{Demory2020,
       author = {{Demory}, B. -O. and {Pozuelos}, F.~J. and {G{\'o}mez Maqueo Chew}, Y. and {Sabin}, L. and {Petrucci}, R. and {Schroffenegger}, U. and {Grimm}, S.~L. and {Sestovic}, M. and {Gillon}, M. and {McCormac}, J. and {Barkaoui}, K. and {Benz}, W. and {Bieryla}, A. and {Bouchy}, F. and {Burdanov}, A. and {Collins}, K.~A. and {de Wit}, J. and {Dressing}, C.~D. and {Garcia}, L.~J. and {Giacalone}, S. and {Guerra}, P. and {Haldemann}, J. and {Heng}, K. and {Jehin}, E. and {Jofr{\'e}}, E. and {Kane}, S.~R. and {Lillo-Box}, J. and {Maign{\'e}}, V. and {Mordasini}, C. and {Morris}, B.~M. and {Niraula}, P. and {Queloz}, D. and {Rackham}, B.~V. and {Savel}, A.~B. and {Soubkiou}, A. and {Srdoc}, G. and {Stassun}, K.~G. and {Triaud}, A.~H.~M.~J. and {Zambelli}, R. and {Ricker}, G. and {Latham}, D.~W. and {Seager}, S. and {Winn}, J.~N. and {Jenkins}, J.~M. and {Calvario-Vel{\'a}squez}, T. and {Franco Herrera}, J.~A. and {Colorado}, E. and {Cadena Zepeda}, E.~O. and {Figueroa}, L. and {Watson}, A.~M. and {Lugo-Ibarra}, E.~E. and {Carigi}, L. and {Guisa}, G. and {Herrera}, J. and {Sierra D{\'\i}az}, G. and {Su{\'a}rez}, J.~C. and {Barrado}, D. and {Batalha}, N.~M. and {Benkhaldoun}, Z. and {Chontos}, A. and {Dai}, F. and {Essack}, Z. and {Ghachoui}, M. and {Huang}, C.~X. and {Huber}, D. and {Isaacson}, H. and {Lissauer}, J.~J. and {Morales-Calder{\'o}n}, M. and {Robertson}, P. and {Roy}, A. and {Twicken}, J.~D. and {Vanderburg}, A. and {Weiss}, L.~M.},
        title = "{A super-Earth and a sub-Neptune orbiting the bright, quiet M3 dwarf TOI-1266}",
      journal = {\aap},
     keywords = {instrumentation: detectors, planets and satellites: detection, Astrophysics - Earth and Planetary Astrophysics},
         year = 2020,
        month = oct,
       volume = {642},
          eid = {A49},
        pages = {A49},
          doi = {10.1051/0004-6361/202038616},
archivePrefix = {arXiv},
       eprint = {2009.04317},
 primaryClass = {astro-ph.EP},
       adsurl = {https://ui.adsabs.harvard.edu/abs/2020A&A...642A..49D},
      adsnote = {Provided by the SAO/NASA Astrophysics Data System}
}
@ARTICLE{Sebastian2021,
       author = {{Sebastian}, D. and {Gillon}, M. and {Ducrot}, E. and {Pozuelos}, F.~J. and {Garcia}, L.~J. and {G{\"u}nther}, M.~N. and {Delrez}, L. and {Queloz}, D. and {Demory}, B.~O. and {Triaud}, A.~H.~M.~J. and {Burgasser}, A. and {de Wit}, J. and {Burdanov}, A. and {Dransfield}, G. and {Jehin}, E. and {McCormac}, J. and {Murray}, C.~A. and {Niraula}, P. and {Pedersen}, P.~P. and {Rackham}, B.~V. and {Sohy}, S. and {Thompson}, S. and {Van Grootel}, V.},
        title = "{SPECULOOS: Ultracool dwarf transit survey. Target list and strategy}",
      journal = {\aap},
     keywords = {planetary systems, stars: low-mass, catalogs, astrobiology, Astrophysics - Earth and Planetary Astrophysics, Astrophysics - Solar and Stellar Astrophysics},
         year = 2021,
        month = jan,
       volume = {645},
          eid = {A100},
        pages = {A100},
          doi = {10.1051/0004-6361/202038827},
archivePrefix = {arXiv},
       eprint = {2011.02069},
 primaryClass = {astro-ph.EP},
       adsurl = {https://ui.adsabs.harvard.edu/abs/2021A&A...645A.100S},
      adsnote = {Provided by the SAO/NASA Astrophysics Data System}
}

@BOOK{Kurucz-93,
   author = {{Kurucz}, R.~L.},
    title = "{SYNTHE spectrum synthesis programs and line data}",
booktitle = {Kurucz CD-ROM, Cambridge, MA: Smithsonian Astrophysical Observatory, |c1993, December 4, 1993},
     year = 1993,
   adsurl = {http://adsabs.harvard.edu/abs/1993sssp.book.....K},
  adsnote = {Provided by the SAO/NASA Astrophysics Data System}
}


@PHDTHESIS{Sneden-73,
   author = {{Sneden}, C.~A.},
    title = "{Carbon and Nitrogen Abundances in Metal-Poor Stars.}",
   school = {THE UNIVERSITY OF TEXAS AT AUSTIN.},
     year = 1973,
   adsurl = {http://adsabs.harvard.edu/abs/1973PhDT.......180S},
  adsnote = {Provided by the SAO/NASA Astrophysics Data System}
}


@ARTICLE{Sousa-14,
   author = {{Sousa}, S.~G.},
    title = "{ARES+MOOG - a practical overview of an EW method to derive stellar parameters}",
  journal = {[arXiv:1407.5817]},
archivePrefix = "arXiv",
   eprint = {1407.5817},
 primaryClass = "astro-ph.SR",
 keywords = {Astrophysics - Solar and Stellar Astrophysics},
     year = 2014,
    month = jul,
   adsurl = {http://adsabs.harvard.edu/abs/2014arXiv1407.5817S},
  adsnote = {Provided by the SAO/NASA Astrophysics Data System}
}

@ARTICLE{Sousa-07,
   author = {{Sousa}, S.~G. and {Santos}, N.~C. and {Israelian}, G. and {Mayor}, M. and 
	{Monteiro}, M.~J.~P.~F.~G.},
    title = "{A new code for automatic determination of equivalent widths: Automatic Routine for line Equivalent widths in stellar Spectra (ARES)}",
  journal = {A\&A},
   eprint = {arXiv:astro-ph/0703696},
     year = 2007,
    month = jul,
   volume = 469,
    pages = {783-791},
      doi = {10.1051/0004-6361:20077288},
   adsurl = {http://adsabs.harvard.edu/abs/2007A%26A...469..783S},
  adsnote = {Provided by the Smithsonian/NASA Astrophysics Data System}
}


@ARTICLE{Sousa-15,
   author = {{Sousa}, S.~G. and {Santos}, N.~C. and {Adibekyan}, V. and {Delgado-Mena}, E. and 
	{Israelian}, G.},
    title = "{ARES v2: new features and improved performance}",
  journal = {\aap},
archivePrefix = "arXiv",
   eprint = {1504.02725},
 primaryClass = "astro-ph.IM",
 keywords = {techniques: spectroscopic, methods: data analysis, stars: solar-type, stars: abundances},
     year = 2015,
    month = may,
   volume = 577,
      eid = {A67},
    pages = {A67},
      doi = {10.1051/0004-6361/201425463},
   adsurl = {http://adsabs.harvard.edu/abs/2015A%26A...577A..67S},
  adsnote = {Provided by the SAO/NASA Astrophysics Data System}
}


@ARTICLE{Santos-13,
   author = {{Santos}, N.~C. and {Sousa}, S.~G. and {Mortier}, A. and {Neves}, V. and 
	{Adibekyan}, V. and {Tsantaki}, M. and {Delgado Mena}, E. and 
	{Bonfils}, X. and {Israelian}, G. and {Mayor}, M. and {Udry}, S.
	},
    title = "{SWEET-Cat: A catalogue of parameters for Stars With ExoplanETs. I. New atmospheric parameters and masses for 48 stars with planets}",
  journal = {\aap},
archivePrefix = "arXiv",
   eprint = {1307.0354},
 primaryClass = "astro-ph.SR",
 keywords = {planetary systems, stars: solar-type, stars: abundances, catalogs},
     year = 2013,
    month = aug,
   volume = 556,
      eid = {A150},
    pages = {A150},
      doi = {10.1051/0004-6361/201321286},
   adsurl = {http://adsabs.harvard.edu/abs/2013A%26A...556A.150S},
  adsnote = {Provided by the SAO/NASA Astrophysics Data System}
}
@ARTICLE{marigo17,
   author = {{Marigo}, P. and {Girardi}, L. and {Bressan}, A. and {Rosenfield}, P. and 
	{Aringer}, B. and {Chen}, Y. and {Dussin}, M. and {Nanni}, A. and 
	{Pastorelli}, G. and {Rodrigues}, T.~S. and {Trabucchi}, M. and 
	{Bladh}, S. and {Dalcanton}, J. and {Groenewegen}, M.~A.~T. and 
	{Montalb{\'a}n}, J. and {Wood}, P.~R.},
    title = "{A New Generation of PARSEC-COLIBRI Stellar Isochrones Including the TP-AGB Phase}",
  journal = {\apj},
archivePrefix = "arXiv",
   eprint = {1701.08510},
 primaryClass = "astro-ph.SR",
 keywords = {stars: abundances, stars: AGB and post-AGB, stars: carbon, stars: evolution, stars: general, stars: mass loss},
     year = 2017,
    month = jan,
   volume = 835,
      eid = {77},
    pages = {77},
      doi = {10.3847/1538-4357/835/1/77},
   adsurl = {http://adsabs.harvard.edu/abs/2017ApJ...835...77M},
  adsnote = {Provided by the SAO/NASA Astrophysics Data System}
}
@ARTICLE{scuflaire08,
   author = {{Scuflaire}, R. and {Th{\'e}ado}, S. and {Montalb{\'a}n}, J. and 
	{Miglio}, A. and {Bourge}, P.-O. and {Godart}, M. and {Thoul}, A. and 
	{Noels}, A.},
    title = "{CL{\'E}S, Code Li{\'e}geois d'{\'E}volution Stellaire}",
  journal = {\apss},
archivePrefix = "arXiv",
   eprint = {0712.3471},
     year = 2008,
    month = aug,
   volume = 316,
    pages = {83-91},
      doi = {10.1007/s10509-007-9650-1},
   adsurl = {http://adsabs.harvard.edu/abs/2008Ap%26SS.316...83S},
  adsnote = {Provided by the SAO/NASA Astrophysics Data System}
}
@ARTICLE{bonfanti15,
   author = {{Bonfanti}, A. and {Ortolani}, S. and {Piotto}, G. and {Nascimbeni}, V.
	},
    title = "{Revising the ages of planet-hosting stars}",
  journal = {\aap},
archivePrefix = "arXiv",
   eprint = {1411.4302},
 primaryClass = "astro-ph.SR",
 keywords = {stars: fundamental parameters},
     year = 2015,
    month = mar,
   volume = 575,
      eid = {A18},
    pages = {A18},
      doi = {10.1051/0004-6361/201424951},
   adsurl = {http://adsabs.harvard.edu/abs/2015A%26A...575A..18B},
  adsnote = {Provided by the SAO/NASA Astrophysics Data System}
}
@ARTICLE{bonfanti16,
   author = {{Bonfanti}, A. and {Ortolani}, S. and {Nascimbeni}, V.},
    title = "{Age consistency between exoplanet hosts and field stars}",
  journal = {\aap},
archivePrefix = "arXiv",
   eprint = {1511.01744},
 primaryClass = "astro-ph.SR",
 keywords = {stars: evolution, Hertzsprung-Russell and C-M diagrams, planetary systems},
     year = 2016,
    month = jan,
   volume = 585,
      eid = {A5},
    pages = {A5},
      doi = {10.1051/0004-6361/201527297},
   adsurl = {http://adsabs.harvard.edu/abs/2016A%26A...585A...5B},
  adsnote = {Provided by the SAO/NASA Astrophysics Data System}
}
@ARTICLE{bonfanti21,
       author = {{Bonfanti}, A. and {Delrez}, L. and {Hooton}, M.~J. and {Wilson}, T.~G. and {Fossati}, L. and {Alibert}, Y. and {Hoyer}, S. and {Mustill}, A.~J. and {Osborn}, H.~P. and {Adibekyan}, V. and {Gandolfi}, D. and {Salmon}, S. and {Sousa}, S.~G. and {Tuson}, A. and {Van Grootel}, V. and {Cabrera}, J. and {Nascimbeni}, V. and {Maxted}, P.~F.~L. and {Barros}, S.~C.~C. and {Billot}, N. and {Bonfils}, X. and {Borsato}, L. and {Broeg}, C. and {Davies}, M.~B. and {Deleuil}, M. and {Demangeon}, O.~D.~S. and {Fridlund}, M. and {Lacedelli}, G. and {Lendl}, M. and {Persson}, C. and {Santos}, N.~C. and {Scandariato}, G. and {Szab{\'o}}, Gy. M. and {Collier Cameron}, A. and {Udry}, S. and {Benz}, W. and {Beck}, M. and {Ehrenreich}, D. and {Fortier}, A. and {Isaak}, K.~G. and {Queloz}, D. and {Alonso}, R. and {Asquier}, J. and {Bandy}, T. and {B{\'a}rczy}, T. and {Barrado}, D. and {Barrag{\'a}n}, O. and {Baumjohann}, W. and {Beck}, T. and {Bekkelien}, A. and {Bergomi}, M. and {Busch}, M-D. and {Brandeker}, A. and {Cessa}, V. and {Charnoz}, S. and {Chazelas}, B. and {Corral Van Damme}, C. and {Demory}, B. -O. and {Erikson}, A. and {Farinato}, J. and {Futyan}, D. and {Garcia Mu{\~n}oz}, A. and {Gillon}, M. and {Guedel}, M. and {Guterman}, P. and {Hasiba}, J. and {Heng}, K. and {Hernandez}, E. and {Kiss}, L. and {Kuntzer}, T. and {Laskar}, J. and {Lecavelier des Etangs}, A. and {Lovis}, C. and {Magrin}, D. and {Malvasio}, L. and {Marafatto}, L. and {Michaelis}, H. and {Munari}, M. and {Olofsson}, G. and {Ottacher}, H. and {Ottensamer}, R. and {Pagano}, I. and {Pall{\'e}}, E. and {Peter}, G. and {Piazza}, D. and {Piotto}, G. and {Pollacco}, D. and {Ragazzoni}, R. and {Rando}, N. and {Ratti}, F. and {Rauer}, H. and {Ribas}, I. and {Rieder}, M. and {Rohlfs}, R. and {Safa}, F. and {Salatti}, M. and {S{\'e}gransan}, D. and {Simon}, A.~E. and {Smith}, A.~M.~S. and {Sordet}, M. and {Steller}, M. and {Thomas}, N. and {Tschentscher}, M. and {Van Eylen}, V. and {Viotto}, V. and {Walter}, I. and {Walton}, N.~A. and {Wildi}, F. and {Wolter}, D.},
        title = "{CHEOPS observations of the HD 108236 planetary system: A fifth planet, improved ephemerides, and planetary radii}",
      journal = {arXiv e-prints},
     keywords = {Astrophysics - Earth and Planetary Astrophysics},
         year = 2021,
        month = jan,
          eid = {arXiv:2101.00663},
        pages = {arXiv:2101.00663},
archivePrefix = {arXiv},
       eprint = {2101.00663},
 primaryClass = {astro-ph.EP},
       adsurl = {https://ui.adsabs.harvard.edu/abs/2021arXiv210100663B},
      adsnote = {Provided by the SAO/NASA Astrophysics Data System}
}
@ARTICLE{salmon21,
       author = {{Salmon}, S.~J.~A.~J. and {Van Grootel}, V. and {Buldgen}, G. and {Dupret}, M. -A. and {Eggenberger}, P.},
        title = "{Reinvestigating {\ensuremath{\alpha}} Centauri AB in light of asteroseismic forward and inverse methods}",
      journal = {\aap},
     keywords = {asteroseismology, stars: solar-type, binaries: general, stars: oscillations, Astrophysics - Solar and Stellar Astrophysics},
         year = 2021,
        month = feb,
       volume = {646},
          eid = {A7},
        pages = {A7},
          doi = {10.1051/0004-6361/201937174},
archivePrefix = {arXiv},
       eprint = {2011.14932},
 primaryClass = {astro-ph.SR},
       adsurl = {https://ui.adsabs.harvard.edu/abs/2021A&A...646A...7S},
      adsnote = {Provided by the SAO/NASA Astrophysics Data System}
}
@ARTICLE{brown14,
       author = {{Brown}, D.~J.~A.},
        title = "{Discrepancies between isochrone fitting and gyrochronology for exoplanet host stars?}",
      journal = {\mnras},
     keywords = {stars: evolution, planetary systems, stars: rotation, Astrophysics - Earth and Planetary Astrophysics, Astrophysics - Solar and Stellar Astrophysics},
         year = 2014,
        month = aug,
       volume = {442},
       number = {2},
        pages = {1844-1862},
          doi = {10.1093/mnras/stu950},
archivePrefix = {arXiv},
       eprint = {1406.4402},
 primaryClass = {astro-ph.EP},
       adsurl = {https://ui.adsabs.harvard.edu/abs/2014MNRAS.442.1844B},
      adsnote = {Provided by the SAO/NASA Astrophysics Data System}
}
@ARTICLE{kovacs15,
       author = {{Kov{\'a}cs}, G{\'e}za},
        title = "{Are the gyro-ages of field stars underestimated?}",
      journal = {\aap},
     keywords = {stars: rotation, starspots, open clusters and associations: general, Astrophysics - Solar and Stellar Astrophysics},
         year = 2015,
        month = sep,
       volume = {581},
          eid = {A2},
        pages = {A2},
          doi = {10.1051/0004-6361/201525920},
archivePrefix = {arXiv},
       eprint = {1506.06267},
 primaryClass = {astro-ph.SR},
       adsurl = {https://ui.adsabs.harvard.edu/abs/2015A&A...581A...2K},
      adsnote = {Provided by the SAO/NASA Astrophysics Data System}
}
@ARTICLE{2012Sci...337..556C,
       author = {{Carter}, Joshua A. and {Agol}, Eric and {Chaplin}, William J. and {Basu}, Sarbani and {Bedding}, Timothy R. and {Buchhave}, Lars A. and {Christensen-Dalsgaard}, J{\o}rgen and {Deck}, Katherine M. and {Elsworth}, Yvonne and {Fabrycky}, Daniel C. and {Ford}, Eric B. and {Fortney}, Jonathan J. and {Hale}, Steven J. and {Handberg}, Rasmus and {Hekker}, Saskia and {Holman}, Matthew J. and {Huber}, Daniel and {Karoff}, Christopher and {Kawaler}, Steven D. and {Kjeldsen}, Hans and {Lissauer}, Jack J. and {Lopez}, Eric D. and {Lund}, Mikkel N. and {Lundkvist}, Mia and {Metcalfe}, Travis S. and {Miglio}, Andrea and {Rogers}, Leslie A. and {Stello}, Dennis and {Borucki}, William J. and {Bryson}, Steve and {Christiansen}, Jessie L. and {Cochran}, William D. and {Geary}, John C. and {Gilliland}, Ronald L. and {Haas}, Michael R. and {Hall}, Jennifer and {Howard}, Andrew W. and {Jenkins}, Jon M. and {Klaus}, Todd and {Koch}, David G. and {Latham}, David W. and {MacQueen}, Phillip J. and {Sasselov}, Dimitar and {Steffen}, Jason H. and {Twicken}, Joseph D. and {Winn}, Joshua N.},
        title = "{Kepler-36: A Pair of Planets with Neighboring Orbits and Dissimilar Densities}",
      journal = {Science},
     keywords = {ASTRONOMY, Astrophysics - Earth and Planetary Astrophysics},
         year = 2012,
        month = aug,
       volume = {337},
       number = {6094},
        pages = {556},
          doi = {10.1126/science.1223269},
archivePrefix = {arXiv},
       eprint = {1206.4718},
 primaryClass = {astro-ph.EP},
       adsurl = {https://ui.adsabs.harvard.edu/abs/2012Sci...337..556C},
      adsnote = {Provided by the SAO/NASA Astrophysics Data System}
}

@ARTICLE{2012ApJ...761...59L,
       author = {{Lopez}, Eric D. and {Fortney}, Jonathan J. and {Miller}, Neil},
        title = "{How Thermal Evolution and Mass-loss Sculpt Populations of Super-Earths and Sub-Neptunes: Application to the Kepler-11 System and Beyond}",
      journal = {\apj},
     keywords = {planetary systems, planets and satellites: composition, planets and satellites: formation, planets and satellites: interiors, planets and satellites: physical evolution, stars: individual: Kepler-11, Astrophysics - Earth and Planetary Astrophysics},
         year = 2012,
        month = dec,
       volume = {761},
       number = {1},
          eid = {59},
        pages = {59},
          doi = {10.1088/0004-637X/761/1/59},
archivePrefix = {arXiv},
       eprint = {1205.0010},
 primaryClass = {astro-ph.EP},
       adsurl = {https://ui.adsabs.harvard.edu/abs/2012ApJ...761...59L},
      adsnote = {Provided by the SAO/NASA Astrophysics Data System}
}

@article{maxted2021analysis,
  title={Analysis of Early Science observations with the CHaracterising ExOPlanets Satellite (CHEOPS) using pycheops},
  author={Maxted, PFL and Ehrenreich, D and Wilson, TG and Alibert, Y and Cameron, A Collier and Hoyer, S and Sousa, SG and Olofsson, G and Bekkelien, A and Deline, A and others},
  journal={Monthly Notices of the Royal Astronomical Society},
  year={2021}
}

@ARTICLE{Rein2012A&A...537A.128R,
       author = {{Rein}, H. and {Liu}, S. -F.},
        title = "{REBOUND: an open-source multi-purpose N-body code for collisional dynamics}",
      journal = {\aap},
     keywords = {methods: numerical, planets and satellites: rings, protoplanetary disks, Astrophysics - Earth and Planetary Astrophysics, Astrophysics - Instrumentation and Methods for Astrophysics, Mathematics - Dynamical Systems, Physics - Computational Physics},
         year = 2012,
        month = jan,
       volume = {537},
          eid = {A128},
        pages = {A128},
          doi = {10.1051/0004-6361/201118085},
archivePrefix = {arXiv},
       eprint = {1110.4876},
 primaryClass = {astro-ph.EP},
       adsurl = {https://ui.adsabs.harvard.edu/abs/2012A&A...537A.128R},
      adsnote = {Provided by the SAO/NASA Astrophysics Data System}
}

@ARTICLE{Rein2015MNRAS.452..376R,
       author = {{Rein}, Hanno and {Tamayo}, Daniel},
        title = "{WHFAST: a fast and unbiased implementation of a symplectic Wisdom-Holman integrator for long-term gravitational simulations}",
      journal = {\mnras},
     keywords = {gravitation, methods: numerical, planets and satellites: dynamical evolution and stability, Astrophysics - Earth and Planetary Astrophysics, Astrophysics - Instrumentation and Methods for Astrophysics, Mathematics - Numerical Analysis, Nonlinear Sciences - Chaotic Dynamics, Physics - Computational Physics},
         year = 2015,
        month = sep,
       volume = {452},
       number = {1},
        pages = {376-388},
          doi = {10.1093/mnras/stv1257},
archivePrefix = {arXiv},
       eprint = {1506.01084},
 primaryClass = {astro-ph.EP},
       adsurl = {https://ui.adsabs.harvard.edu/abs/2015MNRAS.452..376R},
      adsnote = {Provided by the SAO/NASA Astrophysics Data System}
}

@ARTICLE{Cincotta2000A&AS..147..205C,
       author = {{Cincotta}, P.~M. and {Sim{\'o}}, C.},
        title = "{Simple tools to study global dynamics in non-axisymmetric galactic potentials - I}",
      journal = {\aaps},
     keywords = {GALAXIES: DYNAMICS, STELLAR DYNAMICS, METHODS: ANALYTICAL-NUMERICAL, CHAOS},
         year = 2000,
        month = dec,
       volume = {147},
        pages = {205-228},
          doi = {10.1051/aas:2000108},
       adsurl = {https://ui.adsabs.harvard.edu/abs/2000A&AS..147..205C},
      adsnote = {Provided by the SAO/NASA Astrophysics Data System}
}



@ARTICLE{Chen2017ApJ...834...17C,
       author = {{Chen}, Jingjing and {Kipping}, David},
        title = "{Probabilistic Forecasting of the Masses and Radii of Other Worlds}",
      journal = {\apj},
     keywords = {methods: statistics, planetary systems, Astrophysics - Earth and Planetary Astrophysics, Astrophysics - Instrumentation and Methods for Astrophysics},
         year = 2017,
        month = jan,
       volume = {834},
       number = {1},
          eid = {17},
        pages = {17},
          doi = {10.3847/1538-4357/834/1/17},
archivePrefix = {arXiv},
       eprint = {1603.08614},
 primaryClass = {astro-ph.EP},
       adsurl = {https://ui.adsabs.harvard.edu/abs/2017ApJ...834...17C},
      adsnote = {Provided by the SAO/NASA Astrophysics Data System}
}
@article{celerite1,
   author = {{Foreman-Mackey}, D. and {Agol}, E. and {Ambikasaran}, S. and
            {Angus}, R.},
    title = "{Fast and Scalable Gaussian Process Modeling with Applications to
              Astronomical Time Series}",
  journal = {\aj},
     year = 2017,
    month = dec,
   volume = 154,
    pages = {220},
      doi = {10.3847/1538-3881/aa9332},
   adsurl = {http://adsabs.harvard.edu/abs/2017AJ....154..220F},
  adsnote = {Provided by the SAO/NASA Astrophysics Data System}
}
@article{celerite2,
   author = {{Foreman-Mackey}, D.},
    title = "{Scalable Backpropagation for Gaussian Processes using Celerite}",
  journal = {Research Notes of the American Astronomical Society},
     year = 2018,
    month = feb,
   volume = 2,
   number = 1,
    pages = {31},
      doi = {10.3847/2515-5172/aaaf6c},
   adsurl = {http://adsabs.harvard.edu/abs/2018RNAAS...2a..31F},
  adsnote = {Provided by the SAO/NASA Astrophysics Data System}
}
@article{cardoso2018lightkurve,
  title={Lightkurve: Kepler and TESS time series analysis in Python},
  author={Cardoso, Jos{\'e} Vin{\'\i}cius de Miranda and Hedges, Christina and Gully-Santiago, Michael and Saunders, Nicholas and Cody, Ann Marie and Barclay, Thomas and Hall, Oliver and Sagear, Sheila and Turtelboom, Emma and Zhang, Johnny and others},
  journal={Astrophysics Source Code Library},
  pages={ascl--1812},
  year={2018}
}

@article{Brown:2013,
    adsnote = "Provided by the SAO/NASA Astrophysics Data System",
    adsurl = "https://ui.adsabs.harvard.edu/\#abs/2013PASP..125.1031B",
    archiveprefix = "arXiv",
    author = "{Brown}, T.~M. and {Baliber}, N. and {Bianco}, F.~B. and {Bowman}, M. and {Burleson}, B. and {Conway}, P. and {Crellin}, M. and {Depagne}, {\'E}. and {De Vera}, J. and {Dilday}, B. and {Dragomir}, D. and {Dubberley}, M. and {Eastman}, J.~D. and {Elphick}, M. and {Falarski}, M. and {Foale}, S. and {Ford}, M. and {Fulton}, B.~J. and {Garza}, J. and {Gomez}, E.~L. and {Graham}, M. and {Greene}, R. and {Haldeman}, B. and {Hawkins}, E. and {Haworth}, B. and {Haynes}, R. and {Hidas}, M. and {Hjelstrom}, A.~E. and {Howell}, D.~A. and {Hygelund}, J. and {Lister}, T.~A. and {Lobdill}, R. and {Martinez}, J. and {Mullins}, D.~S. and {Norbury}, M. and {Parrent}, J. and {Paulson}, R. and {Petry}, D.~L. and {Pickles}, A. and {Posner}, V. and {Rosing}, W.~E. and {Ross}, R. and {Sand}, D.~J. and {Saunders}, E.~S. and {Shobbrook}, J. and {Shporer}, A. and {Street}, R.~A. and {Thomas}, D. and {Tsapras}, Y. and {Tufts}, J.~R. and {Valenti}, S. and {Vander Horst}, K. and {Walker}, Z. and {White}, G. and {Willis}, M.",
    doi = "10.1086/673168",
    eprint = "1305.2437",
    journal = "Publications of the Astronomical Society of the Pacific",
    keywords = "Astrophysics - Instrumentation and Methods for Astrophysics",
    month = sep,
    pages = "1031",
    primaryclass = "astro-ph.IM",
    title = "{Las Cumbres Observatory Global Telescope Network}",
    volume = "125",
    year = 2013
}

@MISC{Jensen:2013,
   author = {{Jensen}, E.},
    title = "{Tapir: A web interface for transit/eclipse observability}",
howpublished = {Astrophysics Source Code Library},
     year = 2013,
    month = jun,
archivePrefix = "ascl",
   eprint = {1306.007},
   adsurl = {http://adsabs.harvard.edu/abs/2013ascl.soft06007J},
  adsnote = {Provided by the SAO/NASA Astrophysics Data System}
}

@ARTICLE{Collins:2017,
   author = {{Collins}, K.~A. and {Kielkopf}, J.~F. and {Stassun}, K.~G. and
    {Hessman}, F.~V.},
    title = "{AstroImageJ: Image Processing and Photometric Extraction for Ultra-precise Astronomical Light Curves}",
  journal = {\aj},
archivePrefix = "arXiv",
   eprint = {1601.02622},
 primaryClass = "astro-ph.IM",
 keywords = {methods: data analysis, techniques: image processing, techniques: photometric},
     year = 2017,
    month = feb,
   volume = 153,
      eid = {77},
    pages = {77},
      doi = {10.3847/1538-3881/153/2/77},
   adsurl = {http://adsabs.harvard.edu/abs/2017AJ....153...77C},
  adsnote = {Provided by the SAO/NASA Astrophysics Data System}
}

@INPROCEEDINGS{McCully:2018,
       author = {{McCully}, Curtis and {Volgenau}, Nikolaus H. and
         {Harbeck}, Daniel-Rolf and {Lister}, Tim A. and {Saunders}, Eric S. and
         {Turner}, Monica L. and {Siiverd}, Robert J. and {Bowman}, Mark},
        title = "{Real-time processing of the imaging data from the network of Las Cumbres Observatory Telescopes using BANZAI}",
     keywords = {Astrophysics - Instrumentation and Methods for Astrophysics},
    booktitle = {\procspie},
         year = "2018",
       series = {Society of Photo-Optical Instrumentation Engineers (SPIE) Conference Series},
       volume = {10707},
        month = "Jul",
          eid = {107070K},
        pages = {107070K},
          doi = {10.1117/12.2314340},
archivePrefix = {arXiv},
       eprint = {1811.04163},
 primaryClass = {astro-ph.IM},
       adsurl = {https://ui.adsabs.harvard.edu/abs/2018SPIE10707E..0KM},
      adsnote = {Provided by the SAO/NASA Astrophysics Data System}
}
@ARTICLE{2019AJ....157...19B,
       author = {{Becker}, Juliette C. and {Vanderburg}, Andrew and {Rodriguez}, Joseph E. and {Omohundro}, Mark and {Adams}, Fred C. and {Stassun}, Keivan G. and {Yao}, Xinyu and {Hartman}, Joel and {Pepper}, Joshua and {Bakos}, Gaspar and {Barentsen}, Geert and {Beatty}, Thomas G. and {Bhatti}, Waqas and {Chontos}, Ashley and {Collier Cameron}, Andrew and {Hellier}, Coel and {Huber}, Daniel and {James}, David and {Kuhn}, Rudolf B. and {Lund}, Michael B. and {Pollacco}, Don and {Siverd}, Robert J. and {Stevens}, Daniel J. and {Cardoso}, Jos{\'e} Vin{\'\i}cius de Miranda and {West}, Richard},
        title = "{A Discrete Set of Possible Transit Ephemerides for Two Long-period Gas Giants Orbiting HIP 41378}",
      journal = {\aj},
     keywords = {planets and satellites: detection, planets and satellites: gaseous planets, Astrophysics - Earth and Planetary Astrophysics},
         year = 2019,
        month = jan,
       volume = {157},
       number = {1},
          eid = {19},
        pages = {19},
          doi = {10.3847/1538-3881/aaf0a2},
archivePrefix = {arXiv},
       eprint = {1809.10688},
 primaryClass = {astro-ph.EP},
       adsurl = {https://ui.adsabs.harvard.edu/abs/2019AJ....157...19B},
      adsnote = {Provided by the SAO/NASA Astrophysics Data System}
}

@ARTICLE{2015JATIS...1a4003R,
       author = {{Ricker}, George R. and {Winn}, Joshua N. and {Vanderspek}, Roland and {Latham}, David W. and {Bakos}, G{\'a}sp{\'a}r {\'A}. and {Bean}, Jacob L. and {Berta-Thompson}, Zachory K. and {Brown}, Timothy M. and {Buchhave}, Lars and {Butler}, Nathaniel R. and {Butler}, R. Paul and {Chaplin}, William J. and {Charbonneau}, David and {Christensen-Dalsgaard}, J{\o}rgen and {Clampin}, Mark and {Deming}, Drake and {Doty}, John and {De Lee}, Nathan and {Dressing}, Courtney and {Dunham}, Edward W. and {Endl}, Michael and {Fressin}, Francois and {Ge}, Jian and {Henning}, Thomas and {Holman}, Matthew J. and {Howard}, Andrew W. and {Ida}, Shigeru and {Jenkins}, Jon M. and {Jernigan}, Garrett and {Johnson}, John Asher and {Kaltenegger}, Lisa and {Kawai}, Nobuyuki and {Kjeldsen}, Hans and {Laughlin}, Gregory and {Levine}, Alan M. and {Lin}, Douglas and {Lissauer}, Jack J. and {MacQueen}, Phillip and {Marcy}, Geoffrey and {McCullough}, Peter R. and {Morton}, Timothy D. and {Narita}, Norio and {Paegert}, Martin and {Palle}, Enric and {Pepe}, Francesco and {Pepper}, Joshua and {Quirrenbach}, Andreas and {Rinehart}, Stephen A. and {Sasselov}, Dimitar and {Sato}, Bun'ei and {Seager}, Sara and {Sozzetti}, Alessandro and {Stassun}, Keivan G. and {Sullivan}, Peter and {Szentgyorgyi}, Andrew and {Torres}, Guillermo and {Udry}, Stephane and {Villasenor}, Joel},
        title = "{Transiting Exoplanet Survey Satellite (TESS)}",
      journal = {Journal of Astronomical Telescopes, Instruments, and Systems},
         year = 2015,
        month = jan,
       volume = {1},
          eid = {014003},
        pages = {014003},
          doi = {10.1117/1.JATIS.1.1.014003},
       adsurl = {https://ui.adsabs.harvard.edu/abs/2015JATIS...1a4003R},
      adsnote = {Provided by the SAO/NASA Astrophysics Data System}
}

@INPROCEEDINGS{2015ASPC..495....7B,
       author = {{Buchschacher}, N. and {S{\'e}gransan}, D. and {Udry}, S. and {D{\'\i}az}, R.},
        title = "{Data and Analysis Center for Exoplanets}",
    booktitle = {Astronomical Data Analysis Software an Systems XXIV (ADASS XXIV)},
         year = 2015,
       editor = {{Taylor}, A.~R. and {Rosolowsky}, E.},
       series = {Astronomical Society of the Pacific Conference Series},
       volume = {495},
        month = sep,
        pages = {7},
       adsurl = {https://ui.adsabs.harvard.edu/abs/2015ASPC..495....7B},
      adsnote = {Provided by the SAO/NASA Astrophysics Data System}
}

@ARTICLE{2018yCat..36180020C,
       author = {{Claret}, A.},
        title = "{VizieR Online Data Catalog: Limb-darkening for TESS, Kepler, Corot, MOST (Claret, 2018)}",
      journal = {VizieR Online Data Catalog},
     keywords = {Models: atmosphere, Photometry},
         year = 2018,
        month = may,
          eid = {J/A+A/618/A20},
        pages = {J/A+A/618/A20},
       adsurl = {https://ui.adsabs.harvard.edu/abs/2018yCat..36180020C},
      adsnote = {Provided by the SAO/NASA Astrophysics Data System}
}

@ARTICLE{2011A&A...529A..75C,
       author = {{Claret}, A. and {Bloemen}, S.},
        title = "{Gravity and limb-darkening coefficients for the Kepler, CoRoT, Spitzer, uvby, UBVRIJHK, and Sloan photometric systems}",
      journal = {\aap},
     keywords = {binaries: eclipsing, stars: interiors, stars: rotation, stars: atmospheres, planetary systems},
         year = 2011,
        month = may,
       volume = {529},
          eid = {A75},
        pages = {A75},
          doi = {10.1051/0004-6361/201116451},
       adsurl = {https://ui.adsabs.harvard.edu/abs/2011A&A...529A..75C},
      adsnote = {Provided by the SAO/NASA Astrophysics Data System}
}

@ARTICLE{2021MNRAS.500.5088C,
       author = {{Cooke}, Benjamin F. and {Pollacco}, Don and {Anderson}, David R. and {Bayliss}, Daniel and {Bouchy}, Fran{\c{c}}ois and {Gill}, Samuel and {Grieves}, Nolan and {Lendl}, Monika and {Nielsen}, Louise D. and {Udry}, St{\'e}phane and {Wheatley}, Peter J.},
        title = "{Resolving period aliases for TESS monotransits recovered during the extended mission}",
      journal = {\mnras},
     keywords = {surveys, planets and satellites: detection, planetary systems, Astrophysics - Earth and Planetary Astrophysics},
         year = 2021,
        month = jan,
       volume = {500},
       number = {4},
        pages = {5088-5097},
          doi = {10.1093/mnras/staa3569},
archivePrefix = {arXiv},
       eprint = {2011.05832},
 primaryClass = {astro-ph.EP},
       adsurl = {https://ui.adsabs.harvard.edu/abs/2021MNRAS.500.5088C},
      adsnote = {Provided by the SAO/NASA Astrophysics Data System}
}
@ARTICLE{2016A&A...594L...3L,
       author = {{Lorenzo-Oliveira}, D. and {Porto de Mello}, G.~F. and {Schiavon}, R.~P.},
        title = "{The age-mass-metallicity-activity relation for solar-type stars: comparisons with asteroseismology and the NGC 188 open cluster}",
      journal = {\aap},
     keywords = {stars: late-type, stars: activity, stars: chromospheres, open clusters and associations: individual: M 67, open clusters and associations: individual: NGC 188, Astrophysics - Solar and Stellar Astrophysics},
         year = 2016,
        month = oct,
       volume = {594},
          eid = {L3},
        pages = {L3},
          doi = {10.1051/0004-6361/201629233},
archivePrefix = {arXiv},
       eprint = {1609.07767},
 primaryClass = {astro-ph.SR},
       adsurl = {https://ui.adsabs.harvard.edu/abs/2016A&A...594L...3L},
      adsnote = {Provided by the SAO/NASA Astrophysics Data System}
}


@ARTICLE{2019A&A...630A..81B,
       author = {{Benatti}, S. and {Nardiello}, D. and {Malavolta}, L. and {Desidera}, S. and {Borsato}, L. and {Nascimbeni}, V. and {Damasso}, M. and {D'Orazi}, V. and {Mesa}, D. and {Messina}, S. and {Esposito}, M. and {Bignamini}, A. and {Claudi}, R. and {Covino}, E. and {Lovis}, C. and {Sabotta}, S.},
        title = "{A possibly inflated planet around the bright young star DS Tucanae A}",
      journal = {\aap},
     keywords = {planets and satellites: fundamental parameters, techniques: photometric, techniques: spectroscopic, techniques: radial velocities, techniques: imaging spectroscopy, stars: individual: DS Tuc A, Astrophysics - Solar and Stellar Astrophysics, Astrophysics - Earth and Planetary Astrophysics},
         year = 2019,
        month = oct,
       volume = {630},
          eid = {A81},
        pages = {A81},
          doi = {10.1051/0004-6361/201935598},
archivePrefix = {arXiv},
       eprint = {1904.01591},
 primaryClass = {astro-ph.SR},
       adsurl = {https://ui.adsabs.harvard.edu/abs/2019A&A...630A..81B},
      adsnote = {Provided by the SAO/NASA Astrophysics Data System}
}


@ARTICLE{LiWu2012,
       author = {{Lithwick}, Yoram and {Xie}, Jiwei and {Wu}, Yanqin},
        title = "{Extracting Planet Mass and Eccentricity from TTV Data}",
      journal = {\apj},
     keywords = {planets and satellites: fundamental parameters, Astrophysics - Earth and Planetary Astrophysics},
         year = 2012,
        month = dec,
       volume = {761},
       number = {2},
          eid = {122},
        pages = {122},
          doi = {10.1088/0004-637X/761/2/122},
archivePrefix = {arXiv},
       eprint = {1207.4192},
 primaryClass = {astro-ph.EP},
       adsurl = {https://ui.adsabs.harvard.edu/abs/2012ApJ...761..122L},
      adsnote = {Provided by the SAO/NASA Astrophysics Data System}
}
@ARTICLE{2020AJ....160..179M,
       author = {{Mann}, Andrew W. and {Johnson}, Marshall C. and {Vanderburg}, Andrew and {Kraus}, Adam L. and {Rizzuto}, Aaron C. and {Wood}, Mackenna L. and {Bush}, Jonathan L. and {Rockcliffe}, Keighley and {Newton}, Elisabeth R. and {Latham}, David W. and {Mamajek}, Eric E. and {Zhou}, George and {Quinn}, Samuel N. and {Thao}, Pa Chia and {Benatti}, Serena and {Cosentino}, Rosario and {Desidera}, Silvano and {Harutyunyan}, Avet and {Lovis}, Christophe and {Mortier}, Annelies and {Pepe}, Francesco A. and {Poretti}, Ennio and {Wilson}, Thomas G. and {Kristiansen}, Martti H. and {Gagliano}, Robert and {Jacobs}, Thomas and {LaCourse}, Daryll M. and {Omohundro}, Mark and {Schwengeler}, Hans Martin and {Terentev}, Ivan A. and {Kane}, Stephen R. and {Hill}, Michelle L. and {Rabus}, Markus and {Esquerdo}, Gilbert A. and {Berlind}, Perry and {Collins}, Karen A. and {Murawski}, Gabriel and {Sallam}, Nezar Hazam and {Aitken}, Michael M. and {Massey}, Bob and {Ricker}, George R. and {Vanderspek}, Roland and {Seager}, Sara and {Winn}, Joshua N. and {Jenkins}, Jon M. and {Barclay}, Thomas and {Caldwell}, Douglas A. and {Dragomir}, Diana and {Doty}, John P. and {Glidden}, Ana and {Tenenbaum}, Peter and {Torres}, Guillermo and {Twicken}, Joseph D. and {Villanueva}, Steven, Jr.},
        title = "{TESS Hunt for Young and Maturing Exoplanets (THYME). III. A Two-planet System in the 400 Myr Ursa Major Group}",
      journal = {\aj},
     keywords = {Young star clusters, Exoplanet evolution, Transits, Exoplanet astronomy, Stellar activity, Stellar rotation, Exoplanet dynamics, 1833, 491, 1711, 486, 1580, 1629, 490, Astrophysics - Earth and Planetary Astrophysics, Astrophysics - Solar and Stellar Astrophysics},
         year = 2020,
        month = oct,
       volume = {160},
       number = {4},
          eid = {179},
        pages = {179},
          doi = {10.3847/1538-3881/abae64},
archivePrefix = {arXiv},
       eprint = {2005.00047},
 primaryClass = {astro-ph.EP},
       adsurl = {https://ui.adsabs.harvard.edu/abs/2020AJ....160..179M},
      adsnote = {Provided by the SAO/NASA Astrophysics Data System}
}



@ARTICLE{HaLi2017,
       author = {{Hadden}, Sam and {Lithwick}, Yoram},
        title = "{Kepler Planet Masses and Eccentricities from TTV Analysis}",
      journal = {\aj},
     keywords = {planets and satellites: detection, Astrophysics - Earth and Planetary Astrophysics},
         year = 2017,
        month = jul,
       volume = {154},
       number = {1},
          eid = {5},
        pages = {5},
          doi = {10.3847/1538-3881/aa71ef},
archivePrefix = {arXiv},
       eprint = {1611.03516},
 primaryClass = {astro-ph.EP},
       adsurl = {https://ui.adsabs.harvard.edu/abs/2017AJ....154....5H},
      adsnote = {Provided by the SAO/NASA Astrophysics Data System}
}


@ARTICLE{ttvfast2014,
       author = {{Deck}, Katherine M. and {Agol}, Eric and {Holman}, Matthew J. and {Nesvorn{\'y}}, David},
        title = "{TTVFast: An Efficient and Accurate Code for Transit Timing Inversion Problems}",
      journal = {\apj},
     keywords = {planets and satellites: dynamical evolution and stability, planets and satellites: fundamental parameters, methods: numerical, Astrophysics - Earth and Planetary Astrophysics},
         year = 2014,
        month = jun,
       volume = {787},
       number = {2},
          eid = {132},
        pages = {132},
          doi = {10.1088/0004-637X/787/2/132},
archivePrefix = {arXiv},
       eprint = {1403.1895},
 primaryClass = {astro-ph.EP},
       adsurl = {https://ui.adsabs.harvard.edu/abs/2014ApJ...787..132D},
      adsnote = {Provided by the SAO/NASA Astrophysics Data System}
}


@ARTICLE{Delisle2018,
       author = {{Delisle}, J. -B. and {S{\'e}gransan}, D. and {Dumusque}, X. and
         {Diaz}, R.~F. and {Bouchy}, F. and {Lovis}, C. and {Pepe}, F. and
         {Udry}, S. and {Alonso}, R. and {Benz}, W. and {Coffinet}, A. and
         {Collier Cameron}, A. and {Deleuil}, M. and {Figueira}, P. and
         {Gillon}, M. and {Lo Curto}, G. and {Mayor}, M. and {Mordasini}, C. and
         {Motalebi}, F. and {Moutou}, C. and {Pollacco}, D. and {Pompei}, E. and
         {Queloz}, D. and {Santos}, N.~C. and {Wyttenbach}, A.},
        title = "{The HARPS search for southern extra-solar planets. XLIII. A compact system of four super-Earth planets orbiting HD 215152}",
      journal = {\aap},
     keywords = {planets and satellites: general, planets and satellites: detection, planets and satellites: dynamical evolution and stability, Astrophysics - Earth and Planetary Astrophysics},
         year = 2018,
        month = jun,
       volume = {614},
          eid = {A133},
        pages = {A133},
          doi = {10.1051/0004-6361/201732529},
archivePrefix = {arXiv},
       eprint = {1802.04631},
 primaryClass = {astro-ph.EP},
       adsurl = {https://ui.adsabs.harvard.edu/abs/2018A&A...614A.133D},
      adsnote = {Provided by the SAO/NASA Astrophysics Data System}
}

@ARTICLE{2008ApJ...687.1264M,
       author = {{Mamajek}, Eric E. and {Hillenbrand}, Lynne A.},
        title = "{Improved Age Estimation for Solar-Type Dwarfs Using Activity-Rotation Diagnostics}",
      journal = {\apj},
     keywords = {stars: activity, stars: chromospheres, stars: coronae, stars: fundamental parameters, stars: rotation, X-rays: stars, Astrophysics},
         year = 2008,
        month = nov,
       volume = {687},
       number = {2},
        pages = {1264-1293},
          doi = {10.1086/591785},
archivePrefix = {arXiv},
       eprint = {0807.1686},
 primaryClass = {astro-ph},
       adsurl = {https://ui.adsabs.harvard.edu/abs/2008ApJ...687.1264M},
      adsnote = {Provided by the SAO/NASA Astrophysics Data System}
}

@ARTICLE{2013A&A...554A..28C,
       author = {{Covino}, E. and {Esposito}, M. and {Barbieri}, M. and {Mancini}, L. and {Nascimbeni}, V. and {Claudi}, R. and {Desidera}, S. and {Gratton}, R. and {Lanza}, A.~F. and {Sozzetti}, A. and {Biazzo}, K. and {Affer}, L. and {Gandolfi}, D. and {Munari}, U. and {Pagano}, I. and {Bonomo}, A.~S. and {Collier Cameron}, A. and {H{\'e}brard}, G. and {Maggio}, A. and {Messina}, S. and {Micela}, G. and {Molinari}, E. and {Pepe}, F. and {Piotto}, G. and {Ribas}, I. and {Santos}, N.~C. and {Southworth}, J. and {Shkolnik}, E. and {Triaud}, A.~H.~M.~J. and {Bedin}, L. and {Benatti}, S. and {Boccato}, C. and {Bonavita}, M. and {Borsa}, F. and {Borsato}, L. and {Brown}, D. and {Carolo}, E. and {Ciceri}, S. and {Cosentino}, R. and {Damasso}, M. and {Faedi}, F. and {Mart{\'\i}nez Fiorenzano}, A.~F. and {Latham}, D.~W. and {Lovis}, C. and {Mordasini}, C. and {Nikolov}, N. and {Poretti}, E. and {Rainer}, M. and {Rebolo L{\'o}pez}, R. and {Scandariato}, G. and {Silvotti}, R. and {Smareglia}, R. and {Alcal{\'a}}, J.~M. and {Cunial}, A. and {Di Fabrizio}, L. and {Di Mauro}, M.~P. and {Giacobbe}, P. and {Granata}, V. and {Harutyunyan}, A. and {Knapic}, C. and {Lattanzi}, M. and {Leto}, G. and {Lodato}, G. and {Malavolta}, L. and {Marzari}, F. and {Molinaro}, M. and {Nardiello}, D. and {Pedani}, M. and {Prisinzano}, L. and {Turrini}, D.},
        title = "{The GAPS programme with HARPS-N at TNG. I. Observations of the Rossiter-McLaughlin effect and characterisation of the transiting system Qatar-1}",
      journal = {\aap},
     keywords = {techniques: radial velocities, stars: late-type, stars: fundamental parameters, stars: individual: Qatar-1, Astrophysics - Solar and Stellar Astrophysics},
         year = 2013,
        month = jun,
       volume = {554},
          eid = {A28},
        pages = {A28},
          doi = {10.1051/0004-6361/201321298},
archivePrefix = {arXiv},
       eprint = {1304.0005},
 primaryClass = {astro-ph.SR},
       adsurl = {https://ui.adsabs.harvard.edu/abs/2013A&A...554A..28C},
      adsnote = {Provided by the SAO/NASA Astrophysics Data System}
}

@ARTICLE{2020A&A...638A...5C,
       author = {{Carleo}, I. and {Malavolta}, L. and {Lanza}, A.~F. and {Damasso}, M. and {Desidera}, S. and {Borsa}, F. and {Mallonn}, M. and {Pinamonti}, M. and {Gratton}, R. and {Alei}, E. and {Benatti}, S. and {Mancini}, L. and {Maldonado}, J. and {Biazzo}, K. and {Esposito}, M. and {Frustagli}, G. and {Gonz{\'a}lez-{\'A}lvarez}, E. and {Micela}, G. and {Scandariato}, G. and {Sozzetti}, A. and {Affer}, L. and {Bignamini}, A. and {Bonomo}, A.~S. and {Claudi}, R. and {Cosentino}, R. and {Covino}, E. and {Fiorenzano}, A.~F.~M. and {Giacobbe}, P. and {Harutyunyan}, A. and {Leto}, G. and {Maggio}, A. and {Molinari}, E. and {Nascimbeni}, V. and {Pagano}, I. and {Pedani}, M. and {Piotto}, G. and {Poretti}, E. and {Rainer}, M. and {Redfield}, S. and {Baffa}, C. and {Baruffolo}, A. and {Buchschacher}, N. and {Billotti}, V. and {Cecconi}, M. and {Falcini}, G. and {Fantinel}, D. and {Fini}, L. and {Galli}, A. and {Ghedina}, A. and {Ghinassi}, F. and {Giani}, E. and {Gonzalez}, C. and {Gonzalez}, M. and {Guerra}, J. and {Hernandez Diaz}, M. and {Hernandez}, N. and {Iuzzolino}, M. and {Lodi}, M. and {Oliva}, E. and {Origlia}, L. and {Perez Ventura}, H. and {Puglisi}, A. and {Riverol}, C. and {Riverol}, L. and {San Juan}, J. and {Sanna}, N. and {Scuderi}, S. and {Seemann}, U. and {Sozzi}, M. and {Tozzi}, A.},
        title = "{The GAPS Programme at TNG. XXI. A GIARPS case study of known young planetary candidates: confirmation of HD 285507 b and refutation of AD Leonis b}",
      journal = {\aap},
     keywords = {instrumentation: spectrographs, planetary systems, techniques: spectroscopic, stars: activity, techniques: radial velocities, Astrophysics - Earth and Planetary Astrophysics, Astrophysics - Solar and Stellar Astrophysics},
         year = 2020,
        month = jun,
       volume = {638},
          eid = {A5},
        pages = {A5},
          doi = {10.1051/0004-6361/201937369},
archivePrefix = {arXiv},
       eprint = {2002.10562},
 primaryClass = {astro-ph.EP},
       adsurl = {https://ui.adsabs.harvard.edu/abs/2020A&A...638A...5C},
      adsnote = {Provided by the SAO/NASA Astrophysics Data System}
}
@INPROCEEDINGS{2005ESASP.576..187P,
       author = {{Pont}, F. and {Eyer}, L.},
        title = "{The Trouble with Isochrone Ages for Field Stars: A Cautionary Tale for Solar Neighbourhood Studies}",
     keywords = {Methods statistical, Stars evolution, Stars fundamental parameters, Hertzsprung-Russell (HR) diagram, Galaxy evolution},
    booktitle = {The Three-Dimensional Universe with Gaia},
         year = 2005,
       editor = {{Turon}, C. and {O'Flaherty}, K.~S. and {Perryman}, M.~A.~C.},
       series = {ESA Special Publication},
       volume = {576},
        month = jan,
        pages = {187},
       adsurl = {https://ui.adsabs.harvard.edu/abs/2005ESASP.576..187P},
      adsnote = {Provided by the SAO/NASA Astrophysics Data System}
}


@article{chen2016probabilistic,
  title={Probabilistic forecasting of the masses and radii of other worlds},
  author={Chen, Jingjing and Kipping, David},
  journal={The Astrophysical Journal},
  volume={834},
  number={1},
  pages={17},
  year={2016},
  publisher={IOP Publishing}
}
@article{10.1214/aos/1176344136,
author = {Gideon Schwarz},
title = {{Estimating the Dimension of a Model}},
volume = {6},
journal = {The Annals of Statistics},
number = {2},
publisher = {Institute of Mathematical Statistics},
pages = {461 -- 464},
keywords = {Akaike information criterion, asymptotics, dimension},
year = {1978},
doi = {10.1214/aos/1176344136},
URL = {https://doi.org/10.1214/aos/1176344136}
}
@article{raftery1995bayesian,
  title={Bayesian model selection in social research},
  author={Raftery, Adrian E},
  journal={Sociological methodology},
  pages={111--163},
  year={1995},
  publisher={JSTOR}
}

@ARTICLE{2018JOSS....3..667G,
       author = {{Gomes da Silva}, Jo{\~a}o and {Figueira}, Pedro and {Santos}, Nuno and
         {Faria}, Jo{\~a}o},
        title = "{ACTIN: A tool to calculate stellar activity indices}",
      journal = {The Journal of Open Source Software},
     keywords = {Astrophysics - Instrumentation and Methods for Astrophysics, Astrophysics - Solar and Stellar Astrophysics},
         year = "2018",
        month = "Nov",
       volume = {3},
       number = {31},
        pages = {667},
          doi = {10.21105/joss.00667},
archivePrefix = {arXiv},
       eprint = {1811.11172},
 primaryClass = {astro-ph.IM},
       adsurl = {https://ui.adsabs.harvard.edu/abs/2018JOSS....3..667G},
      adsnote = {Provided by the SAO/NASA Astrophysics Data System}
}